2536 4390
328 521 331 536 '
462 553 694 638 suns

33 773 115 845 804
161 763 342 832 Exoeisum
365 761 559 830 Consilium
584 711 728 844 Regium
746 760 1062 840 Loenmtenentiale

45 887 56 896 ·
103 871 342 952 Hongaricum
366 872 523 946 intimat,
545 867 714 932 detectam
735 889 807 934 esse
839 875 874 935 in
902 874 1063 939 Moravia
1153 894 1158 904 ¹

102 976 227 1040 salsam
247 975 424 1037 Monetam
453 986 582 1054 septem
614 972 882 1059 cruciferorum,
916 989 948 1038 et
982 997 1063 1058 qua-

104 1101 191 1162 nam
207 1083 343 1194 ratione
366 1101 385 1142 a
408 1082 555 1159 genuina
576 1075 729 1158 dignosci
760 1071 935 1231 possit,
904 1083 1065 1151 ostendit.
1127 1137 1128 1144 ,

377 1237 381 1246 ι
421 1328 423 1332 -
511 1281 794 1376 Illustrissimi
815 1285 894 1371 &o

124 1477 171 1554 In
196 1475 335 1577 Regno
368 1471 570 1547 Moraviae
597 1469 693 1548 falsa
724 1492 873 1580 septem
913 1441 1069 1556 'crucifo-
1112 1543 1115 1549 ,

33 1623 183 1679 rorum
179 1580 350 1673 Moneta
374 1593 526 1672 detecta
547 1592 724 1691 habetur,
739 1622 836 1696 quae
860 1607 1069 1702 agenuina
1141 1590 1145 1606 '

33 1733 66 1804 in
91 1750 139 1801 eo
167 1720 340 1823 dignosci
360 1737 509 1825 potest,
537 1716 641 1820 quod
669 1723 832 1796 nimium
848 1722 983 1826 glabra
1008 1729 1069 1821 sit,
1149 1801 1154 1812 ,

33 1845 151 1926 multo
181 1842 384 1918 clariorem
414 1845 618 1932 tinnitum,
645 1866 691 1916 ao
711 1847 882 1945 genuina
903 1843 1069 1942 reddat,

1156 749 1222 1042 Ξ

1037 1045 1226 1338 Ξ

33 1976 71 2047 in
92 1965 294 2071 superiore
318 1964 433 2067 plaga
462 1963 631 2041 visibilia
660 1952 869 2062 fontinella
903 1965 1072 2062 referat,
1124 1997 1130 2006 ·
1225 1963 1229 1970 ’

33 2089 162 2187 facile
169 2069 369 2192 praeterea
396 2104 616 2190 rumpatur,
658 2102 694 2162 et
728 2087 976 2192 frangatur3
994 2108 1071 2203 quo
1119 2107 1167 2200 *J
1231 2105 1234 2114 ’

33 2203 237 2320 proinde
222 2215 345 2285 omnis
377 2209 571 2288 exhinc
560 2233 599 2284 rn
620 2207 819 2311 publicum
834 2206 1072 2290 dimanatura
1129 2202 1133 2210 ’

35 2331 299 2410 damnificatio
323 2347 614 2421 anteversum,
654 2327 908 2408 Praetitulatis
937 2332 1073 2412 Domi·
1088 2405 1092 2412 ,

36 2454 257 2536 nationibus
275 2459 413 2531 vestris
438 2455 736 2577 committitpm
733 2469 774 2527 ut
792 2451 1091 2556 praeattacram'
1147 2453 1151 2457 ’
1227 2475 1229 2483 ⁴

38 2578 155 2654 falsae
176 2574 288 2675 hujus
310 2579 495 2652 Monetae
519 2553 859 2683 descriptionem
849 2603 887 2651 rn
901 2587 1072 2679 gremio

39 2705 98 2778 sui
120 2715 289 2776 actutum
312 2723 422 2774 more
460 2693 572 2772 solito
607 2693 797 2798 publicari
833 2697 998 2794 faciant,
1036 2721 1075 2780 et
1186 2787 1202 2806 -.

40 2827 193 2924 quosvis
215 2826 254 2896 in
276 2825 526 2924 perceptione
559 2823 734 2917 antiquae
769 2813 916 2898 formae
949 2841 1073 2929 septe·
1166 2886 1168 2888 -

41 2949 232 3022 nariorum
255 2959 421 3042 attentos
446 2936 624 3015 reddant·
676 2941 817 3014 Datum
838 2967 886 3017 ex
898 2942 1070 3024 Consilio
1109 2963 1137 3036 χ

42 3067 162 3170 Regio
181 3055 768 3160 LocumtenentialiHungarico
794 3061 928 3140 Budae
947 3063 1010 3142 die
1034 3083 1071 3158 7.
1163 3085 1166 3092 “

44 3193 179 3268 mensis
202 3185 314 3268 Febr.
338 3201 450 3274 1804.
488 3181 695 3275 celebrato,
748 3169 1073 3265 Praeattactnrur'n

45 3315 355 3390 Dominationum
376 3298 849 3410 vestrarum'Benevolus,
872 3300 1072 3404 adOffrcip
1139 3355 1143 3364 -
1198 3315 1201 3326 '

47 3427 286 3538 paratissimi,
311 3428 502 3536 Josephus
531 3429 726 3516 Palatinus
758 3431 858 3534 mpr.
886 3441 940 3488 ·-'
961 3437 991 3510 F
993 3461 1078 3512 ran-

48 3558 162 3642 oiscus
172 3557 318 3635 Darvas
330 3578 434 3662 mpr.·
449 3542 638 3656 Josephus
649 3553 698 3631 L.
712 3549 757 3632 BL
773 3555 962 3660 Bongratz
975 3585 1075 3664 mpr.
