2536 4390
98 509 245 607 riorum
272 525 491 586 nostrorum
517 503 648 588 edocti
670 483 824 590 surnus
843 505 1035 606 Regnum
1070 533 1138 584 not·
1184 533 1188 546 ¹

99 653 223 714 strum
250 636 495 752 Hungariae‚
546 627 583 707 et
617 637 696 729 ejus
736 629 993 734 Respublica,
1043 634 1170 706 sicut

99 785 150 832 ex
179 765 291 834 certis
327 764 365 834 in
400 774 557 834 nostra
578 753 765 852 absentia
790 751 918 829 eidem
963 758 1140 856 ingruen-

48 881 203 955 tibus
236 883 376 974 malis;
413 887 466 955 sic
505 905 583 956 non
622 871 745 956 minus
792 903 840 952 ex
879 870 1011 982 crebra
1059 900 1143 995 mu
1163 952 1166 956 ,
1261 931 1263 936 -

102 1011 271 1098 tatione,
321 1007 492 1095 vilitate,
546 1022 585 1112 et
628 1001 849 1080 diversitate
895 1013 1143 1076 monetarum

102 1129 295 1206 notabilia
320 1135 486 1232 suscepit
521 1127 688 1218 damna,
743 1143 1038 1229 suscepturaque
1088 1149 1148 1202 ιιι

103 1268 189 1348 set,
217 1257 288 1328 nisi
322 1249 487 1330 eidem
491 1256 710 1355 provisione
751 1250 878 1326 debita
926 1243 1143 1326 remedium

103 1375 341 1458 afferremus.
379 1373 568 1454 Volentes
590 1399 679 1477 ergo
704 1377 1045 1476 circumspectione
1081 1367 1147 1444 de·
1253 1449 1256 1458 .

97 1498 209 1590 bita,
238 1495 567 1597 quemadmodum
593 1497 749 1599 Regalis
771 1502 889 1578 nostri
913 1481 1047 1599 Officii
1080 1493 1148 1570 de*
1181 1522 1183 1528 ·
1256 1483 1259 1489 ⁵

87 1620 335 1710 bitumen,
365 1621 516 1696 utilitati
535 1620 789 1722 Reipublicae
828 1635 980 1694 nostrae
1012 1641 1155 1693 consum

72 1740 214 1834 flere,
242 1743 340 1816 sicut
364 1733 519 1844 pridem
538 1747 749 1818 constitutis
776 1741 977 1819 nobiscum
990 1739 1148 1816 Posonii

107 1862 318 1972 Praelatis‚
345 1879 384 1938 et
407 1861 646 1947 Batonibus,
671 1888 715 1938 ac
740 1845 1149 1966 pluribusNobilibus

43 1999 60 2024 ⁶
108 1990 339 2096 praescripti
358 1965 482 2088 Regni
517 1993 638 2063 nostri
662 1987 907 2090 Hungariae,
941 1984 1170 2122 habitaque.-

113 2133 202 2184 cum
244 2113 296 2185 ei's
336 2105 543 2212 superinde
582 2125 729 2188 matura
766 2108 1096 2201 deliberatione,
1110 2099 1168 2185 e't.
1229 2172 1237 2187 ι

115 2248 266 2358 sumpta
290 2231 575 2310 collaudatione
596 2229 840 2321 eorundem,
869 2254 989 2308 novas
1018 2229 1056 2308 et
1082 2257 1150 2336 pa·

113 2380 173 2431 res
197 2332 370 2430 nlonetas
395 2359 433 2438 in
458 2353 690 2454 quibuslibet
711 2355 881 2434 Cameris
914 2361 1051 2438 nostris
1067 2382 1150 2464 per

110 2493 234 2552 totum
263 2469 409 2559 dictum
438 2475 615 2580 Regnum
644 2497 819 2556 nostrum
840 2480 1057 2606 Hungariae
1078 2477 1148 2555 sub
1195 2583 1196 2591 ι
1255 2461 1258 2469 ’

21 2623 24 2632 ’
113 2617 216 2674 certe
238 2600 351 2700 lega,
379 2599 584 2717 pondere,
609 2627 653 2676 ac
676 2601 826 2695 forma,
855 2607 893 2678 et
920 2583 1156 2679 conditioni·¹

111 2722 215 2798 bus
205 2746 244 2796 nr
269 2720 354 2796 aliis
379 2723 518 2798 Literis
539 2728 678 2797 nostris
713 2689 917 2826 superinde
946 2723 1059 2800 editis
1087 2749 1153 2802 cx·
1249 2733 1253 2743 ¹

9 2900 13 2911 ι
111 2847 294 2949 pressaris
321 2840 517 2920 cudendus
540 2843 865 2936 decreveramus,
905 2852 956 2920 ita
980 2861 1025 2921 et
1049 2868 1151 2921 nunc

116 2963 360 3044 decernimus
372 2971 596 3066 praesertim
610 2969 650 3040 in
667 2964 828 3041 Camere
840 2983 967 3042 nostra
980 2964 1172 3052 cremat»
1221 3005 1223 3018 ι

118 3091 246 3164 ciensi.
302 3084 355 3159 Ut
381 3090 494 3188 igitur
522 3085 617 3162 haec
641 3102 769 3167 nostra
802 3084 1001 3193 dispositio
1039 3112 1151 3164 suum

117 3217 294 3287 sortiatur
315 3207 515 3302 effectum,
542 3209 740 3300 Frdehtatr
752 3227 916 3298 vestrae,
936 3223 973 3284 et
997 3209 1154 3284 cuilibet
1207 3271 1209 3277 .

114 3323 285 3411 vestrum
316 3335 549 3408 strictissime
584 3336 862 3452 praecipientes
898 3329 1167 3422 mandamus..

19 3517 47 3550 ,
117 3473 301 3557 qnatenus
324 3451 523 3530 amodo
513 3482 553 3531 ιιι
579 3474 776 3557 posterum
797 3455 998 3558 praefatas
1019 3481 1151 3532 mone·

115 3594 175 3684 tas
191 3593 337 3654 nostras
367 3575 416 3652 de
438 3601 541 3652 novo
564 3585 789 3684 praesertim
815 3586 853 3654 in
867 3575 984 3656 'dicta
990 3577 1154 3656 Camere

117 3715 245 3776 nostra
271 3698 547 3793 Cremnicensi,
574 3697 625 3776 ad
648 3724 763 3798 qnam
782 3725 852 3777 vos
865 3707 903 3776 in
915 3693 988 3776 hac
1003 3729 1044 3776 re
1065 3726 1155 3804 per·
1263 3799 1264 3802 ι

117 3809 239 3900 tinere
257 3818 540 3923 dignoscimus,
568 3819 765 3901 cudendus
794 3827 832 3898 in
874 3819 1004 3898 medio
1028 3828 1151 3900 vestri

35 4021 39 4032 ,
76 3997 79 4005 ·
120 3963 403 4017 cursumsuum
424 3941 581 4030 habere,
608 3949 854 4046 permittere,
879 3954 917 4018 e't
937 3929 1153 4046 acceptare,

118 4088 188 4167 per
216 4087 379 4164 easque,
409 4081 445 4162 et
466 4087 545 4141 non
566 4089 637 4167 per
651 4064 826 4162 antiquas
849 4065 1022 4164 monetas
1043 4085 1153 4179 quas·

113 4185 205 4276 libet
232 4193 472 4290 emptiones,
520 4202 563 4262 et
605 4184 852 4265 venditiones
893 4194 1066 4286 vestras
1103 4205 1148 4260 ac

74 4364 76 4367 .
170 4312 222 4368 Pa
225 4337 264 4368 ra
289 4309 370 4368 ΙῙῘ
629 4357 633 4365 .
923 4295 1031 4366 Y¹'
1139 4327 1142 4337 ’
