2536 4390
71 423 75 432 ι
132 342 208 426 352
445 381 460 442 ‚⁸
492 338 805 436 ‘meotes-

103 594 107 607 V
137 469 278 567 temet
303 487 504 566 Gratiam.'
544 489 602 569 Ex
621 493 788 588 querelis
822 507 859 568 et
893 490 1189 595 supplicatione

49 697 52 704 A
103 609 308 699 'fidelium
332 626 551 686 nostrorum
576 610 835 706 Prudentum,
864 631 901 690 et
931 613 1184 716 Circumspe·

29 741 37 763 ⁸
135 753 285 814 ctorum
305 733 512 830 Judicum,
555 751 595 810 et
612 737 825 834 juratorum
861 742 1003 815 civium
1026 753 1184 840 septem

135 863 336 938 civitatum
359 874 578 934 nostrarum
597 875 866 949 montanarum
896 860 1185 964 intelligimus,

134 981 298 1079 qualiter
321 979 498 1058 nonnulli
524 996 650 1054 essent
671 1005 718 1055 ex
742 983 877 1074 vobis,
903 987 967 1082 qui
990 984 1185 1056 concives

135 1127 292 1202 eorum,
319 1106 484 1180 etetiam
505 1101 602 1175 alios
625 1099 794 1180 forenses
814 1103 988 1180 homines
1010 1127 1056 1176 ac
1078 1129 1185 1177 mer·

134 1224 339 1304 catoresin
356 1247 467 1320 usum
480 1238 715 1316 nostrorum,
730 1242 769 1300 et
788 1226 1056 1304 serenissimae
1072 1224 1188 1298 Prin·

134 1352 229 1450 cipis
252 1349 443 1448 Dominae
462 1344 635 1424 Mauras
653 1345 837 1452 Reginae,
856 1350 1004 1424 Sororis
1018 1365 1184 1436 nostrae

134 1470 376 1548 charissimae
394 1466 651 1559 subditorum,
677 1496 760 1562 res,
787 1487 825 1547 et
838 1471 984 1549 merces
1000 1469 1052 1548 ad
1066 1496 1188 1545 mon·
1261 1477 1262 1546 l

132 1611 241 1671 tanas
270 1597 444 1670 civitates
466 1609 614 1668 nostras
638 1591 921 1684 convehentes,
948 1602 988 1669 in
1011 1600 1086 1671 viis
1112 1619 1189 1696 pu-

17 1697 24 1707 ·
132 1713 244 1792 blicis
269 1719 310 1810 ui
350 1712 617 1813 adorirentur,
659 1731 772 1814 atque
804 1717 946 1815 Equis,
976 1721 1187 1820 pecuniis,

32 1929 46 1952 Ι
133 1862 179 1914 ac
205 1837 318 1912 r‘ebus
337 1837 515 1920 omnibus
542 1838 778 1939 spoliarent,
805 1858 1078 1938 nonnunquam
1120 1865 1185 1912 ca-

69 2048 75 2056 ,
131 1975 293 2066 petent,
321 1976 359 2035 et
379 1963 419 2035 in
439 1957 534 2036 dura
559 1965 779 2063 captivitate
810 1976 1000 2040 tenerent.
1035 1959 1083 2037 Id
1114 1949 1199 2037 ἆυ(

20 2087 22 2096 “
131 2100 212 2160 tem
235 2109 299 2170 eof
309 2100 511 2186 praetextu
534 2082 732 2180 facerent,
759 2078 865 2184 quasi
883 2089 954 2186 ipsi
969 2099 1182 2186 argentum
1261 2145 1262 2150 ,

47 2217 50 2222 “
133 2201 369 2298 educerent,
398 2229 484 2281 cum
512 2221 649 2312 ¹tamen
686 2205 781 2280 nihil
814 2203 919 2307 apud
942 2211 1006 2280 ecs
1022 2211 1186 2306 argenti
1217 2273 1223 2284 ,

94 2367 97 2374 v
132 2353 211 2406 non
242 2331 323 2414 cusi
350 2333 586 2432 reperirent,
615 2345 654 2406 et
677 2328 923 2438 nihilominus
960 2351 1040 2402 eos·
1057 2329 1184 2403 rebus
1259 2355 1261 2482 p

129 2456 211 2567 puis
245 2451 478 2554 spoliarent,
505 2466 903 2554 et-captostenerentz
951 2449 1185 2552 Hacigitur

131 2579 305 2679 ipsorum
338 2573 579 2652 subditorum
619 2577 834 2680 nostrorum
885 2574 1181 2678 supplicatione

132 2714 315 2802 accepta,
338 2697 549 2778 nolumus,
577 2713 619 2771 ut
632 2679 977 2800 quispiam⁸eorum
995 2693 1179 2770 indebite

133 2825 401 2924 opprimatur,
429 2818 720 2918 calamitateque
744 2815 933 2894 afficiatur
963 2817 1013 2892 ob
1044 2841 1182 2930 uanae

133 2945 360 3045 suspicionis
380 2955 645 3043 praetextum,
672 2956 737 3028 aut
759 2940 918 3040 alicujus
954 2941 1185 3037 sinistram,
1260 2935 1261 2938 ’

133 3063 346 3162 falsamque
369 3057 617 3138 delationem.
669 3063 797 3166 Quare
819 3061 956 3152 vobis,
980 3077 1017 3136 et
1049 3057 1185 3137 fideli-

22 3183 26 3189 ’
123 3191 203 3274 ,tati
228 3197 404 3274 vestrae,
439 3207 484 3258 ac
513 3200 685 3282 vestrum
720 3183 878 3260 cuilibet
906 3181 1041 3273 harum
1074 3187 1195 3257 serie'

133 3311 295 3384 firmiter
319 3309 592 3380 committimus
620 3319 658 3379 et
692 3303 946 3398 mandamus,
987 3322 1186 3404 quatenus

6 3477 21 3502 c
133 3425 328 3534 praefatos
350 3429 454 3520 cives
484 3424 658 3502 subditos
678 3445 853 3514 nostros,
891 3449 936 3500 ac
967 3427 1186 3506 'serenissi-

132 3574 223 3627 mae
245 3550 393 3622 Sororis
414 3564 592 3644 nostrae,
607 3547 787 3650 'aliosque
810 3565 983 3652 exteros,
1010 3556 1073 3650 qui
1107 3579 1187 3629 ne.

133 3655 328 3778 gotiorum
356 3694 510 3764 suorum
534 3671 847 3776 peragendorum
877 3679 999 3775 gratia
1031 3670 1085 3748 ad
1127 3682 1187 3752 ci·

133 3799 441 3875 vitatesnostras
473 3810 672 3884 montanas
695 3807 916 3870 'commeare
945 3794 1085 3888 solent,
1109 3794 1188 3874 bu·

10 3917 15 3926 ’
44 3904 50 3912 ’
132 3915 305 4018 jusmodi
332 3916 685 4008 interfectionibus,
714 3936 751 3993 et
773 3921 1013 4022 captionibus
1034 3927 1074 3996 in
1106 3947 1186 4026 pu·

42 4085 46 4099 ·
134 4039 240 4140 blica
259 4042 323 4116 via
350 4035 503 4114 afficere
529 4064 608 4116 non
641 4035 841 4134 debeatis,
877 4041 946 4118 sed
983 4048 1081 4143 siqui
1118 4072 1188 4123 su·

55 4151 56 4154 ‘
133 4165 259 4266 speeti
285 4183 370 4234 esse
391 4185 505 4263 ¹super
528 4157 731 4267 eductione
760 4168 908 4268 argenti
924 4153 1187 4270 'bidebuntun

696 4306 702 4316 “
734 4296 739 4308 ’
1110 4280 1190 4370 eos'
