2536 4390
25 505 26 508 γ
65 517 178 600 tione
206 534 327 598 semet
361 519 401 596 in
421 494 598 626 negotia
628 511 816 593 fodinalit
840 517 1162 617 immisceant,
1214 564 1217 574 .

71 672 214 726 verum
244 663 371 752 partes
390 648 430 724 in
453 647 617 748 negotiis
648 639 836 751 ejusmodi
868 637 919 721 ad
953 633 1113 716 Jurisdi·
1186 697 1207 714 ι

26 765 28 772 ’
74 762 226 852 ctiones
247 767 462 874 praedictas
497 786 734 846 recurrentes
760 765 812 843 ad
841 763 1113 845 concernentia
1138 784 1173 850 ᾗ

70 891 228 972 Judicia
253 895 530 970 Montanistica
552 889 748 1004 relegant,
775 897 814 966 in
837 881 986 966 casibus
1014 909 1122 960 vero
1186 963 1192 981 x

66 1015 138 1092 ubi
166 1041 239 1118 per
256 1001 408 1092 Judrcra
420 1015 606 1091 Montana
607 1009 906 1092 Jurrsdtctrones
922 1003 1113 1114 ejusmodi
1169 1087 1172 1092 .

66 1139 361 1242 provinciales,
400 1164 472 1241 per
505 1135 804 1232 subsidionales,
841 1162 907 1214 seu
941 1155 1140 1238 compes·

67 1259 196 1334 suales
223 1263 531 1359 requirerentur,
559 1285 649 1362 erga
675 1263 1017 1364 reciprocationem
1038 1281 1111 1360 per
1201 1318 1205 1326 .

68 1369 225 1459 ,iudicia
255 1405 405 1480 quoque
438 1381 627 1457 Montana
662 1377 954 1486 praestandam,
982 1401 1116 1482 prom·
1240 1429 1242 1450 ι

24 1589 25 1592 ¹
68 1521 180 1610 ptam
208 1509 463 1615 assistentiam
489 1505 676 1608 praebere
700 1509 914 1608 teneantur.
1044 1592 1048 1600 ,
1187 1493 1189 1497 ’

173 1626 270 1705 6·t0.
303 1625 402 1704 Cum
428 1653 507 1704 non
530 1623 631 1718 levi,
657 1643 700 1704 ut
719 1632 797 1726 jam
831 1624 1112 1730 praemissum,

67 1743 221 1827 Jurium
256 1742 462 1854 Regalium
495 1747 741 1854 praejudicio
767 1747 950 1825 hactenus
983 1744 1140 1836 obser-s

67 1888 205 1948 vatum
236 1889 318 1962 est,
364 1865 470 1972 quod
507 1872 682 1948 nonnulli
720 1871 881 1948 Domini
913 1888 1113 1972 terrestres

68 1997 167 2070 citra
187 1993 365 2106 legalem
396 1995 698 2093 investituram,
745 1999 898 2095 privata
926 1991 1113 2074 duntaxat

67 2123 297 2220 autoritate,
343 2126 383 2196 in
414 2126 582 2224 propriis
617 2121 816 2242 territoriis
849 2123 922 2196 suis
965 2119 1110 2227 absque
1154 2111 1158 2119 ’

25 2341 26 2346 ¹
68 2248 330 2348 praestatione
364 2243 543 2320 Urburae
567 2218 787 2348 complures
799 2242 905 2336 ferra,
931 2242 1112 2337 aliorum·

53 2389 143 2465 ,que
174 2366 445 2449 metallorum,
474 2384 513 2444 et
540 2372 775 2444 minerarum
808 2363 959 2440 fodinas
984 2365 1112 2440 colue-

25 2537 30 2546 ·
66 2493 166 2580 rint,
215 2515 259 2564 ac
286 2517 407 2594 penes
431 2493 518 2566 illas
560 2489 741 2568 diversas.
769 2471 1038 2582 malleaturas,
1072 2509 1112 2565 et
1243 2567 1244 2600 ἢ

67 2609 258 2690 Officinns
278 2613 561 2722 liquefactorias
585 2610 1024 2715 'erexerint'cujusmodi
1046 2613 1112 2690 ab·
1185 2645 1188 2654 ’
1243 2633 1244 2642 ’

67 2746 160 2810 usus
187 2735 376 2836 siquidem
411 2738 680 2840 manifestam.
706 2737 836 2840 legum
870 2741 1113 2840 praevarica-

49 2861 239 2956 tionem,
267 2885 313 2934 ac
339 2857 550 2938 indebitam
584 2856 732 2938 Jurium
770 2858 975 2962 Regalium
1002 2885 1110 2934 usur-

45 2985 269 3084 ¹pasionem
293 2977 613 3082 redoleat,·quac
635 2979 818 3058 relatead
839 2967 1006 3080 cujusvis
1024 3008 1114 3086 spe*
1135 3083 1137 3089 ⁴
1243 3049 1244 3054 ,

32 3118 34 3126 “
68 3110 139 3179 ciei
172 3111 336 3181 mineras
351 3124 382 3200 ,'
404 3112 600 3210 signanter
622 3133 717 3182 vero
740 3099 854 3183 etiarn
879 3105 985 3200 ferri,
1013 3123 1111 3182 tam·
1175 3118 1178 3128 '
1243 3127 1244 3140 ¹

67 3251 180 3326 quam
204 3228 348 3327 absque
373 3228 453 3302 ullo
485 3227 728 3319 discrimine,
756 3226 806 3304 ad
833 3225 997 3359 eandem
1020 3253 1110 3304 cum

65 3349 149 3423 aliis
177 3355 333 3429 mineris
362 3350 524 3428 classem
553 3377 625 3454 per
649 3351 776 3452 Regni
805 3335 934 3452 leges,
982 3351 1116 3449 relati„
1161 3385 1163 3388 ·
1234 3377 1244 3452 ι

66 3475 218 3575 penitus
248 3474 357 3574 tolli
387 3493 423 3551 et
438 3475 616 3576 abrogant
632 3474 801 3570 jubetur3
827 3472 917 3548 hinc
941 3474 1109 3550 clemen·
1243 3457 1244 3474 ἶ

67 3609 125 3668 ter
162 3589 334 3671 decernit
369 3595 443 3674 Sua
486 3597 667 3710 Majestas
713 3595 1014 3708 sacratissima,
1063 3614 1144 3676 ιιι
1220 3619 1244 3696 ‚⁴⁴

71 3739 202 3790 omnes
233 3716 314 3807 illi,
340 3723 404 3817 qui
431 3717 627 3821 hucusque
666 3741 733 3794 seu
754 3715 872 3807 ferri,
913 3701 979 3802 seu
1015 3718 1110 3795 alio·

70 3861 152 3911 rum
179 3838 424 3914 metallorum
455 3839 607 3922 fodinas
628 3839 780 3939 ‘absque
813 3839 925 3918 solita
949 3845 1106 3918 investi-

70 3975 176 4052 tura,
201 3968 538 4064 praestationeque
565 3962 730 4040 urburae
759 3963 1014 4062 cultivarunt,
1051 3971 1110 4042 in.-
1152 3987 1154 3995 ’
1199 4029 1206 4064 ,
1241 3979 1243 4016 ¹

68 4071 123 4156 tra
151 4109 216 4158 sex
242 4065 434 4160 mensium
472 4091 699 4188 spatium,a
735 4081 797 4160 die
832 4081 1118 4187 publicationis
1240 4105 1243 4150 ι

64 4205 247 4308 benignae
278 4206 388 4308 hujus
420 4206 675 4290 ordinationis
707 4201 1027 4312 computandum,
1049 4209 1116 4279 sei
1175 4249 1220 4268 1-
