2536 4390
506 345 789 415 moe*
853 393 856 398 .
1086 349 1159 434 35¹
1207 325 1246 373 ='

122 499 191 578 dia
217 516 302 576 sunt
323 497 524 605 patranda.
579 502 709 606 Quare
734 497 908 582 fidelitati
929 506 1078 579 vestrae
1098 489 1164 576 bai

82 637 90 654 *
122 647 211 700 rum
241 628 337 712 serie
368 625 528 700 firmiter
550 628 852 721 committimus,
887 639 1071 722 quatenus
1105 647 1165 696 ac·

66 745 68 752 ’
120 751 246 850 ceptis
271 747 561 850 praesentibus,
577 771 612 824 „a
642 722 823 849 praefatis
846 743 1199 852 severis-actibus·

6 887 9 890 ’
128 888 168 944 et
198 877 322 974 ipsum
352 867 872 974 CapitancumZoliensem,
910 869 1100 968 adqucm
1128 882 1166 941 et
1227 861 1233 889 ‘

37 997 45 1022 ⁸
124 993 209 1071 Nos
235 994 306 1070 hac
332 993 381 1070 de
406 1019 458 1070 re
472 991 693 1068 mandatum
729 989 930 1085 dedimus,
965 989 1178 1095 prohibea-'

124 1125 200 1209 tis,
228 1134 267 1192 et
292 1139 363 1194 vos
391 1139 541 1214 quoque
566 1113 818 1234 nequaquam
829 1139 894 1188 eos
915 1113 1088 1204 faciatis,
1112 1130 1166 1188 at·
1220 1167 1222 1172 -

124 1266 199 1340 que
222 1233 326 1342 ipsos
355 1236 528 1313 subditos
551 1254 730 1328 nostros,
758 1254 796 1330 et
834 1239 982 1312 Sororis
1012 1249 1164 1312 nostrae

123 1367 172 1436 ιιι
192 1387 324 1437 eorum
344 1365 452 1475 justis
473 1343 712 1438 libertatibus
737 1365 983 1440 conservetis.
1010 1361 1054 1436 In
1089 1363 1166 1436 exi·
1253 1389 1259 1400 ¹

124 1481 263 1585 gendis
298 1509 448 1582 quoque
471 1489 632 1584 antiquis
659 1482 795 1596 debitis
811 1481 1167 1596 SerenissimaeSo·

123 1611 221 1682 roris
248 1623 424 1704 nostrae,
452 1603 669 1704 dequibus
697 1587 836 1710 etiam
849 1612 920 1710 ipsi
962 1612 1065 1684 cives
1099 1633 1167 1682 no

15 1747 19 1758 ¹
111 1725 192 1802 ‘stri
218 1745 525 1823 conqueruntur,
555 1744 666 1824 atque
684 1698 769 1802 aliis
785 1704 997 1805 actionibus
1014 1732 1171 1819 vestris,

125 1873 220 1948 quas
248 1847 357 1923 isthic
381 1846 541 1945 habetis
570 1875 657 1924 eum
683 1845 856 1934 modum
885 1849 1176 1926 etmodestiam'

68 1999 78 2024 ι
118 1965 365 2061 observetis,
397 1997 446 2045 ne
466 1976 540 2070 ipsi
570 1957 724 2048 Subditi'
745 1977 861 2048 nostri
882 1974 1169 2076 opprimantur,
1238 2027 1249 2038 =

1 2113 3 2152 τ
123 2092 192 2167 sed
215 2110 256 2166 ut
279 2095 483 2182 Montanae
507 2099 610 2200 ipsas
640 2101 677 2169 in
715 2091 1168 2201 Regni,'nostrumqoe,

1 2213 2 2219 ’
127 2229 165 2295 et
194 2215 465 2290 Serenissimae
480 2213 634 2293 sSororis
658 2201 809 2292 nostrae
831 2213 1079 2310 commodum
1104 2239 1164 2291 co·

14 2393 25 2442 ι.
131 2335 216 2410 lere
241 2341 401 2437 possint.
455 2333 583 2412 Aliud
600 2333 713 2439 igitur
734 2343 772 2413 in
795 2341 1014 2441 praemissis
1041 2323 1089 2414 ne
1114 2337 1168 2411 fe-

1 2469 2 2476 ’
132 2462 271 2535 ceritis.
326 2453 592 2537 Praesentibus
627 2461 810 2564 perlectis
840 2461 1034 2546 exhibenti
1063 2465 1169 2536 resti-

130 2587 231 2659 tutis.
286 2583 428 2658 Datum
452 2583 598 2686 Progne
620 2585 782 2660 Decima
800 2601 937 2662 octava
958 2580 1050 2683 Julii
1064 2607 1166 2661 anno

77 2707 284 2782 Domini
304 2685 517 2824 Millesimo
539 2711 843 2810 quingentesimo
871 2675 1164 2858 quatiragesimo
1226 2795 1230 2807 x

4 2867 5 2893 ι
131 2819 278 2929 quarto.

539 3169 543 3172 ,
555 3052 751 3157 xxvnr.'

2 3275 6 3346 ζ
65 3287 68 3294 ’
127 3271 210 3335 Εοιι.
235 3289 314 3336 ann.
347 3268 455 3348 ejusd.
479 3267 579 3350 Regis
599 3266 927 3332 Literaedeeodem
953 3280 1164 3350 argumento.
1207 3280 1226 3333 ,¹

226 3448 526 3532 Fructuauovs
554 3445 630 3524 &c
660 3461 703 3519 ut
723 3470 853 3545 supro.
864 3439 1076 3522 Fidelibus
1098 3473 1169 3525 no·

10 3577 28 3614 'f
128 3576 208 3650 stris
232 3549 478 3680 Magnificis,
506 3569 745 3684 Batonibus,
781 3562 1034 3661 Comitibus,
1047 3561 1177 3671 Egre-¹

125 3699 191 3796 giis
218 3693 473 3783 castellanis,
501 3677 758 3780 Nobilibus,
748 3713 995 3793 ipsorumque
1009 3689 1179 3769 offinaa'

124 3819 248 3910 libus,
277 3815 665 3926 Tricesimatoribus,
693 3815 958 3928 Tributariis,
968 3815 1164 3896 Telonea·
1221 3813 1224 3830 ”

127 3931 295 4033 toribus,
322 3957 435 4040 atque
464 3914 546 4016 aliis
533 3945 828 4061 cujuscunque
859 3959 998 4034 status,
1037 3927 1172 4034 condi-J
1217 3986 1219 3995 ¹

126 4068 259 4155 ti'oois,
288 4083 325 4146 et
349 4071 637 4170 possessionatis
674 4064 917 4168 hominibus,
945 4091 991 4140 ac
1015 4061 1169 4167 quibus‘ss

91 4191 177 4294 vis
211 4167 377 4296 Subditis
409 4195 550 4324 nostris
565 4176 826 4352 ,praesentes
862 4177 1023 4291 visuris,
1062 4183 1170 4268 Sa'luss
