2536 4390
64 333 276 430 ³9⁶
540 285 827 426 masa-s-

48 577 49 582 ,
156 471 263 570 nales
289 519 378 570 cum
403 499 624 572 accessoriis
641 493 813 598 legitime
834 488 1063 596 aquirendi,
1096 510 1143 570 et
1173 495 1213 573 in

139 615 254 700 ,alios
275 613 554 716 transferendi,
600 615 833 718 easdemque
871 620 989 716 juxta
1020 613 1212 695 ordinem

103 718 468 816 montanisticum
490 680 659 834 colendi,
689 745 790 816 circa
810 743 903 816 item
923 739 1114 832 nrburas,
1131 756 1209 820 tan

87 881 91 893 ’
155 886 205 938 ex
225 861 459 966 Regalibus,
486 889 602 962 quarn
627 869 915 967 etprivatorum
937 887 1212 964 quorumcun-

56 1069 63 1088 Ι
156 1007 231 1082 que
253 983 509 1075 Dominarum
536 991 774 1062 terrestrium
798 985 909 1064 bonis
933 983 1092 1085 Regiae
1122 985 1209 1057 Μι-

155 1107 283 1204 jestati
309 1121 598 1209 competentes,
628 1131 693 1182 seu
711 1107 917 1184 Decimam
942 1109 1207 1198 minerarum,

54 1224 61 1232 ’
156 1251 236 1301 ιιοιι
257 1249 364 1301 secus
387 1230 487 1304 circa
514 1234 744 1332 superiora,
772 1245 810 1304 et
831 1227 1015 1308 inferiora
1041 1227 1210 1324 Mpnta·

156 1351 291 1424 nistica
315 1347 441 1442 Fora,
469 1347 723 1451 ordinemque
736 1348 976 1428 ludicrorum
998 1347 1055 1423 ibi
1071 1347 1208 1423 obser·

153 1475 243 1580 vari
259 1471 436 1566 solitum,
464 1489 501 1547 et
524 1498 596 1574 per
612 1469 828 1548 Articulum
852 1474 1070 1564 10821723·
1095 1473 1205 1568 juxta

153 1598 322 1698 privatas
349 1580 563 1670 eorundem
584 1595 690 1698 leges
714 1595 815 1670 ultra
848 1593 1052 1670 saeculum
1089 1591 1205 1667 stabi·

154 1715 264 1808 litas,
290 1721 330 1792 in
348 1741 417 1792 sno
443 1743 525 1794 esse
545 1719 747 1813 relictum,
773 1717 1056 1815 obsemantnr,
1080 1732 1204 1792 semet

48 1825 53 1853 '
154 1857 290 1916 exacte
329 1839 652 1934 accommodent,
689 1833 839 1945 Regale
873 1842 1202 1915 Montanisticum

152 1970 260 2040 omni
288 1961 408 2044 modo
438 1982 712 2070 promoveant,
739 1991 866 2066 neque
885 1962 984 2063 illud
1006 1963 1203 2070 mediate,

41 2181 45 2198 ι
151 2071 463 2180 vel'immediate
484 2085 1068 2192 lmpediant,lurisdictionique
1093 2113 1202 2162 mon·

95 2295 98 2308 Δ
148 2213 349 2287 ‘tanisticae
372 2206 503 2308 quoad
524 2210 677 2309 objecta
720 2214 907 2313 praecise
927 2213 1010 2284 rem
1045 2206 1202 2285 fodlna

42 2333 46 2338 '
78 2419 81 2429 .
151 2329 256 2422 lem,
284 2348 322 2410 et
335 2333 571 2414 mineralem
592 2337 787 2434 tangentia
820 2331 982 2431 subjecti
1017 2335 1124 2426 sint,
1163 2335 1199 2406 ln

82 2438 85 2446 ¹
150 2451 296 2556 reliquo
320 2419 453 2528 butem
474 2451 592 2530 iidem
614 2458 888 2531 omncstamin
909 2455 1197 2560 personalibus,

152 2597 267 2672 quam
292 2579 330 2649 ln
346 2575 547 2668 realibus,
573 2575 735 2653 Nobiles
758 2601 879 2676 aeque
915 2601 960 2652 ac
996 2577 1196 2679 ignobiles

99 2793 102 2800 Ι
149 2701 255 2797 juxta
278 2695 401 2804 Regni
430 2697 536 2798 leges
559 2695 628 2772 snb
643 2691 917 2804 Jurisdictionc
938 2694 1194 2775 concernenti

112 2892 117 2906 ,
150 2817 253 2911 ultro
277 2841 428 2922 qnoque
458 2821 669 2896 clementer
704 2821 980 2920 relinquuntur.
1035 2817 1194 2896 Ollicia·

151 2939 209 3017 les
232 2940 481 3020 nihilominus
504 2941 761 3036 Cameratici,
799 2951 837 3018 et
855 2943 1075 3048 Montani,
1131 2945 1194 3042 qui

150 3062 291 3142 fundos
316 3091 395 3140 non
416 3063 643 3170 possident,
670 3065 737 3166 sed
759 3066 965 3142 exSalario
989 3061 1196 3146 dumtaxat
1221 3089 1222 3092 ’

42 3199 47 3206 “
107 3215 109 3222 ·
149 3213 221 3263 sno
244 3193 396 3279 vivunt,
424 3185 735 3271 aJnrlsdictione
759 3187 867 3264 civili
890 3191 1042 3291 penitus
1065 3213 1192 3262 exem·

149 3315 208 3418 ptj
234 3306 467 3400 manebunt,
494 3307 610 3382 salvis
634 3323 796 3398 tamen,
823 3322 999 3408 respectu
1028 3301 1195 3381 domnos.

49 3481 52 3489 ι
150 3458 261 3526 ιιιιιι,
289 3446 331 3506 ‘et
354 3429 626 3506 violentiarum
646 3434 685 3504 in
713 3431 862 3507 casibus
885 3433 1193 3508 'extraminerali-

40 3633 42 3640 ,
131 3556 222 3632 rbus
250 3579 321 3657 per
352 3576 600 3652 quoscunque
639 3549 836 3628 officiales
869 3548 1193 3646 commissorum,

150 3678 274 3786 Regni
296 3673 469 3776 legibus,
478 3677 690 3776 signanter
709 3672 892 3750 Articulis
916 3689 979 3758 48
1007 3677 1123 3772 1659.
1156 3692 1193 3752 et

150 3821 346 3896 3¹·1552·

252 3934 346 4006 540.
374 3918 418 3993 In
445 3917 745 4022 praemissorum
765 3865 1007 3995 cohaerentia
1021 3918 1191 3996 clemen·

76 4037 79 4042 ’
150 4056 209 4112 ter
226 4045 483 4144 praecipitur,
505 4065 559 4114 nc
578 4023 896 4136 Jurisdictipnes,
923 4065 988 4116 sen
1018 4039 1191 4118 Comita-

80 4167 313 4280 fuisses,
344 4183 411 4235 sen
443 4156 542 4238 aliae
568 4161 838 4278 provinciales
869 4141 1095 4267 quacunque
1131 4161 1189 4246 re·
1190 4169 1219 4354 Ι
