2536 4390
141 310 218 392 see
521 289 844 376 mm·

143 457 444 546 intellexissent,
471 481 518 531 ex
546 467 611 530 tua
629 451 898 529 commissione
920 471 991 552 per
1016 445 1203 530 Servito·

41 673 44 684 A
76 673 82 683 ¹
144 583 203 656 res
224 579 381 658 ioannis
401 576 661 677 Dubowczlsy
689 572 766 650 duo
800 587 963 649 austres
990 576 1093 646 cives
1139 575 1202 646 ci·

25 713 32 765 ’-
143 701 272 779 vitatis
300 721 453 780 nostrae
474 699 768 778 Novizoliensis
777 694 870 772 dum
904 694 1196 770 Vratislaviam

141 831 384 926 negotiorum
406 849 561 900 suorum
583 819 903 971 peragendorum
936 822 1057 919 gratia
1092 841 1197 920 pro·

143 932 421 1036 ficiscere'ntffur
448 953 486 1022 in
511 951 574 1022 via
583 923 755 1050 'publice
784 949 832 1022 vi
850 949 982 1021 invasi
1005 941 1192 1034 fuissent,

143 1067 619 1169 quorumduointerfecti
586 1073 768 1156 tetiam
808 1060 993 1159 fuissent,
1037 1085 1075 1140 et
1107 1063 1195 1139 duo

146 1178 280 1266 e'orum
303 1189 427 1266 adhuc
447 1196 484 1268 iu
509 1195 732 1298 captivitate
761 1191 873 1270 isthic
907 1189 1191 1268 detinerentur.

25 1330 31 1336 '
142 1313 250 1414 Haec
277 1329 410 1410 autem
430 1320 558 1389 omnia
587 1321 738 1391 nonnisi
755 1342 807 1416 es
846 1319 1065 1418 suspicione
1086 1319 1193 1418 ‚sim-

141 1435 235 1538 plici
259 1425 472 1549 eductionis
492 1443 638 1539 argenti
661 1435 761 1514 facta
783 1437 929 1513 essent:
960 1434 1054 1510 nihil
1077 1440 1190 1510 enim

143 1565 290 1658 argenti
314 1583 391 1633 uon
426 1565 502 1636 cusi
539 1557 643 1661 apud
688 1587 752 1635 eos
800 1577 995 1664 repertum
1034 1553 1192 1632 fuisset.

142 1679 431 1802 Supplicationc
475 1685 601 1792 itaque
644 1683 777 1757 eorum
791 1681 952 1778 humili
993 1696 1191 1782 accepta,

143 1825 261 1898 quum
287 1787 375 1876 talia
398 1787 458 1892 tua
487 1802 586 1879 fecta
606 1828 720 1906 quae
727 1829 806 1909 uon
828 1807 866 1878 in
900 1801 1190 1899 defensionem,

117 1935 205 1999 ‘aut
229 1920 381 2028 promet
384 1931 514 2003 ionem
548 1933 735 2028 ipsorum
764 1934 905 2006 civium
937 1931 1188 2023 nostr.‚orum

143 2047 211 2124 sed
235 2045 372 2152 potius'
406 2051 683 2125 Montanorum
724 2055 891 2152 ipsarum
930 2049 1100 2134 ruinam,
1140 2063 1190 2126 ,et
1229 2049 1231 2055 ⁸

45 2170 76 2258 ζ’
143 2171 424 2248 desolationem
445 2165 632 2274 vergant«,
661 2169 864 2272 'Nobisque
888 2168 959 2264 id,
996 2187 1034 2245 et
1076 2194 1190 2272 prae·

112 2293 402 2401 *fatae‘Sorori
443 2313 596 2372 nostrae
635 2295 904 2384 charissimae,
935 2317 1005 2367 ,ac
1045 2290 1187 2391 Regno

140 2415 393 2496 universo-sit
419 2416 633 2494 admodum
657 2416 902 2510 damnosum,
920 2443 997 2493 non
1025 2430 1190 2520 possunt

131 2538 264 2636 ,Nobis
307 2567 385 2616 non
434 2537 653 2646 displicere.
706 2539 993 2645 Invigilandum
1027 2537 1190 2639 quidem

22 2659 26 2668 ’
143 2681 201 2739 est
237 2681 273 2739 et
306 2689 376 2767 per
401 2662 487 2740 loca
529 2663 786 2754 tributorum,
825 2665 871 2739 ac
912 2655 1187 2749 teloneorum,

70 2811 101 2868 ἢ
141 2805 180 2863 et
202 2789 276 2863 alia
296 2787 452 2892 publica
473 2775 589 2863 strata
613 2784 925 2886 observandum,
965 2809 1014 2860 ne
1050 2775 1192 2884 argen-

141 2925 223 2984 tum
243 2919 282 2986 in
308 2909 493 2986 damnum
514 2911 698 3018 Gamerae
715 2907 947 3000 educatur,
974 2926 1011 2981 et
1033 2911 1064 2981 si
1089 2903 1187 3004 quid

94 3089 118 3143 3
145 3014 251 3138 apud
271 3039 494 3135 quempiam
530 3039 766 3136 reperietur,
801 3037 832 3107 is
871 3031 1099 3124 mulctetur,
1148 3043 1188 3102 et

143 3161 324 3262 puniatur
353 3159 457 3256 juxta
476 3153 706 3246 Decretum,
734 3172 770 3230 et
792 3152 971 3230 Edictum
996 3148 1185 3240 nostrum,

146 3277 215 3354 scd
240 3305 262 3354 a
288 3286 382 3372 nece
403 3296 441 3354 et
464 3283 760 3382 interemptione
782 3276 1053 3366 abstinendum
1092 3299 1115 3347 a
1145 3292 1184 3348 te

147 3420 205 3477 est
240 3407 424 3500 omnino,
453 3424 566 3500 atquc
594 3399 755 3504 propter
792 3403 1028 3502 suspiciones
1059 3399 1183 3494 leves,

52 3607 53 3614 1
144 3547 393 3624 rumoresque
414 3547 653 3624 nequaquam
684 3523 798 3600 Cives
837 3527 910 3626 ipsi
956 3526 1075 3598 nostri
1105 3522 1213 3594 tur-l

144 3639 289 3734 bandi,
320 3663 385 3722 aut
410 3643 695 3722 damnificandi.
745 3648 880 3748 Quam
914 3644 984 3718 ob
999 3667 1081 3720 rem
1113 3641 1183 3716 tibi

143 3769 304 3842 firmiter
325 3772 613 3848 committimus,
642 3784 680 3842 et
696 3765 940 3856 mandamus,
964 3781 1005 3842 ut
1022 3791 1043 3839 a
1060 3761 1180 3868 mpdo
1207 3833 1211 3844 ,

73 3985 79 3991 N
145 3887 328 3991 deinceps
349 3890 398 3966 ab
419 3889 639 3990 hujusmodi
656 3898 799 3970 severis
811 3891 973 3977 actibus
967 3889 1181 3980 abstineas,

103 4015 116 4037 '
142 4031 266 4103 neque
288 4035 373 4099 eos,
402 4017 440 4084 in
463 4011 636 4089 subditos
652 3997 825 4105 nostros,
852 4030 891 4088 et
911 4013 1181 4088 serenissimae

22 4133 25 4141 ’
143 4127 292 4205 Sororis
316 4149 494 4228 nostrae,
521 4151 648 4211 cuttu
670 4159 874 4246 essersene,
914 4151 978 4214 aut
1008 4133 1057 4210 ab
1098 4132 1182 4212 aliis
