2536 4390
104 225 223 392 „sss
516 279 800 364 moou-
855 217 860 243 ‘

141 461 296 544 semper
323 434 542 544 Augustus,
565 433 694 514 inians
719 415 1016 546 Hispaniarum,
1046 433 1196 516 Archi·

143 559 223 636 dux
244 559 470 652 Austriae‚
473 559 560 636 Dux
582 557 828 684 Burgundiee
854 576 928 636 cet.
981 555 1212 636 Fidelibus·

141 687 288 772 nostris:
308 679 591 786 prudentibus,
620 697 657 754 et
678 664 990 796 circumspectis,
1031 677 1194 773 ludici,

133 811 182 884 'et
203 809 335 904 juratis
364 803 527 888 Civibus
548 819 698 908 septem
725 800 933 880 Civitatum
963 821 1191 879 nostrarum

61 1003 65 1017 ,
113 931 419 1018 ,Montanorum
438 926 642 1020 Salutem
682 943 719 1002 et
758 925 945 1002 Gratiam
997 927 1194 1031 Intelligi·

21 1027 32 1046 ⁵
97 1067 254 1162 ’.ιιι-ιε,
281 1046 423 1156 apud
415 1062 486 1126 vos
510 1065 684 1124 veterem
707 1021 901 1124 monetam
922 1049 1196 1152 Hungarioam

1 1196 22 1230 '·
143 1177 183 1250 in
207 1156 396 1248 Camena
403 1188 532 1252 nostra
568 1168 863 1268 Cremniciensl
887 1195 1014 1246 cusam
1045 1197 1196 1280 nequa·

143 1317 257 1392 quem
289 1299 327 1368 in
351 1297 517 1398 pretinm
542 1293 782 1392 victualium,
809 1307 846 1366 et
868 1291 1030 1368 aliarum
1052 1319 1191 1370 rerum

101 1415 341 1502 [venalium
364 1419 508 1522 recipi,
534 1411 639 1496 unde
659 1432 738 1496 tum
771 1419 810 1487 in
847 1411 989 1488 Castris
1020 1423 1191 1510 nostris,

143 1561 243 1636 quae
268 1561 369 1611 nunc
388 1537 533 1636 aliquot
554 1536 679 1636 Regni
710 1537 807 1612 locis
831 1532 881 1610 ad
910 1532 1193 1616 defensionem

132 1662 335 1750 Didonis,
373 1658 623 1758 fideliumque
666 1674 884 1758 nostrorum
912 1663 1036 1759 posita
1075 1678 1193 1751 sunt,

145 1797 226 1858 tum
249 1787 361 1856 etiam
388 1780 477 1856 alibi
501 1785 539 1854 in
564 1785 642 1856 istis
665 1761 878 1855 civitatibus
903 1783 1040 1854 nostris
1057 1787 1194 1884 magni

47 1995 52 2002 .
144 1929 258 2006 saepe
284 1903 621 2006 in'commeatibus
647 1917 682 1974 et
714 1902 808 1978 aliis,
833 1901 943 1974 rebus
976 1898 1026 1974 ad
1063 1909 1213 2003 quoti·-

86 2077 92 2084 .
131 2023 302 2126 dianum
324 2049 433 2100 usum
464 2031 686 2102 necessariis
730 2007 962 2126 'contingunt
996 2024 1188 2116 defectus.

47 2225 48 2228 ,
146 2132 244 2226 Culn
263 2159 390 2224 autem
418 2153 456 2224 in
482 2167 681 2252 postremo
722 2146 945 2224 Posonicnsi
982 2146 1194 2228 Conventa

133 2266 348 2363 ..decretum
373 2271 443 2360 sit,
471 2287 514 2346 ut
537 2273 751 2373 monetain
782 2268 891 2370 dicta
928 2259 1096 2348 Camera'
1127 2299 1198 2352 no·

103 2407 225 2478 ,tstra
251 2389 528 2466 Cremniciensi
550 2415 638 2465 cusa
660 2407 739 2493 tam
760 2407 870 2495 uetus
885 2375 1000 2492 quam
1022 2417 1126 2467 nova
1155 2398 1196 2468 in
1218 2427 1224 2436 ·

132 2511 324 2594 ,omnibus
346 2511 470 2614 Regni
495 2517 615 2617 nostri
640 2496 811 2622 partibus
848 2518 887 2588 in
927 2537 998 2590 usu
1030 2518 1104 2610 sit,
1158 2533 1199 2593 et

147 2633 285 2730 eadem
309 2640 456 2712 ratione
469 2661 547 2743 ¹pro
572 2638 751 2740 omnibus
770 2638 882 2712 rebus
895 2638 1097 2714 venalibus
1121 2642 1198 2717 st'tb

136 2781 277 2866 *poena
304 2761 517 2846 amissionis
542 2778 669 2834 rerum
691 2765 860 2860 ipsarum
884 2759 1079 2834 venalium
1108 2755 1220 2840 ubi.¹

148 2904 222 2981 que
241 2885 473 2983 accipiatur,
501 2885 775 2988 committimus
807 2897 843 2955 et
866 2878 1094 2957 mandamus
1127 2909 1201 2956 vo·

66 3000 72 3010 ’
137 3004 208 3106 ιὶιὶς
229 3002 364 3084 harum
377 3027 480 3078 serre
504 3005 743 3094 firmissime,
772 3020 811 3080 ut
835 2992 1004 3114 acceptrs
1018 3023 1201 3106 praesen

148 3127 249 3204 tibus
267 3121 507 3228 praedictam
533 3126 844 3200 constitutionem
858 3125 1055 3228 publicam
1078 3147 1202 3228 super

65 3276 68 3279 ·
150 3265 330 3326 monetae
353 3252 472 3352 ipsius
493 3253 632 3326 veteris
647 3249 771 3323 libero
796 3272 866 3322 usu
890 3265 1023 3323 nostro
1037 3270 1209 3322 nomine.

111 3465 118 3473 ,
151 3373 391 3480 promulgari
418 3394 575 3464 curare,
604 3388 640 3450 et
653 3367 892 3482 ohservare,
903 3383 1199 3464 monetamque

1 3573 3 3604 ἶ
151 3503 303 3600 ipsam,
329 3489 502 3573 veterem
523 3508 702 3592 aequent
725 3514 901 3582 novam,
929 3516 1002 3594 pro
1015 3481 1202 3566 omnibus

1 3621 2 3702 ξ
118 3643 126 3716 ᾗ
150 3615 292 3709 rebus,
319 3632 356 3690 et
377 3615 568 3693 mercibus
604 3613 804 3693 venalibus
833 3615 1037 3714 accipere,
1065 3627 1101 3684 et
1136 3631 1200 3687 ac·

1 3721 2 3756 ³
152 3743 230 3842 cipi
251 3737 378 3814 facere
405 3736 590 3814 debeatis.
640 3736 745 3812 *Nam
767 3735 942 3834 alioquin
983 3731 1127 3810 habent
1160 3740 1199 3812 in

153 3859 343 3971 mandatis
366 3887 388 3940 a
407 3863 519 3940 nobrs
536 3861 670 3938 fideles
694 3864 815 3937 nostri
841 3857 1197 3953 Locumtenentes‚

110 3976 113 3984 ⁴
154 4000 193 4062 et
219 3991 387 4090 supremi
408 3985 533 4091 Regni
558 3989 678 4060 nostri
703 3982 932 4087 capitanei,
962 3995 1004 4056 ut
1036 3983 1075 4054 in
1107 4004 1203 4074 eos,

99 4115 217 4216 qui
240 4128 330 4215 post
358 4107 581 4210 hujusmodi
602 4105 785 4193 Edictum
807 4110 942 4213 minus
955 4099 1200 4200 obedientes,
