<?xml version="1.0" encoding="UTF-8"?>
<!DOCTYPE html PUBLIC "-//W3C//DTD XHTML 1.0 Transitional//EN"
    "http://www.w3.org/TR/xhtml1/DTD/xhtml1-transitional.dtd">
<html xmlns="http://www.w3.org/1999/xhtml" xml:lang="en" lang="en">
 <head>
  <title>
</title>
<meta http-equiv="Content-Type" content="text/html;charset=utf-8" />
  <meta name='ocr-system' content='tesseract 3.04.00' />
  <meta name='ocr-capabilities' content='ocr_page ocr_carea ocr_par ocr_line ocrx_word'/>
</head>
<body>
  <div class='ocr_page' id='page_1' title='image "./catalogusnumoru00millgoog_0434.png"; bbox 0 0 2536 4390; ppageno 0'>
   <div class='ocr_carea' id='block_1_1' title="bbox 9 256 1262 3976">
    <p class='ocr_par' dir='ltr' id='par_1_1' title="bbox 9 256 1258 575">
     <span class='ocr_line' id='line_1_1' title="bbox 679 256 732 290; baseline 0 -6"><span class='ocrx_word' id='word_1_1' title='bbox 679 285 681 290; x_wconf 73' lang='grc'><strong>,</strong></span> <span class='ocrx_word' id='word_1_2' title='bbox 727 256 732 284; x_wconf 62' lang='grc' dir='ltr'>ι</span> 
     </span>
     <span class='ocr_line' id='line_1_2' title="bbox 512 280 1174 403; baseline -0.012 -11"><span class='ocrx_word' id='word_1_3' title='bbox 512 321 796 392; x_wconf 52' lang='grc' dir='ltr'><strong>ΜΝ</strong></span> <span class='ocrx_word' id='word_1_4' title='bbox 1008 280 1012 316; x_wconf 73' lang='grc'><strong>’</strong></span> <span class='ocrx_word' id='word_1_5' title='bbox 1101 317 1174 403; x_wconf 67' lang='grc' dir='ltr'><strong>3ἑ5</strong></span> 
     </span>
     <span class='ocr_line' id='line_1_3' title="bbox 9 442 1258 575; baseline -0.006 -27"><span class='ocrx_word' id='word_1_6' title='bbox 9 541 13 548; x_wconf 91' lang='grc'><strong>.</strong></span> <span class='ocrx_word' id='word_1_7' title='bbox 126 457 275 575; x_wconf 83' lang='lat' dir='ltr'><strong>liciales</strong></span> <span class='ocrx_word' id='word_1_8' title='bbox 300 442 557 572; x_wconf 82' lang='lat' dir='ltr'><strong>praesentium</strong></span> <span class='ocrx_word' id='word_1_9' title='bbox 587 448 723 573; x_wconf 86' lang='lat' dir='ltr'><strong>vigore</strong></span> <span class='ocrx_word' id='word_1_10' title='bbox 748 475 917 572; x_wconf 79' lang='lat' dir='ltr'><strong>requisiti</strong></span> <span class='ocrx_word' id='word_1_11' title='bbox 946 467 1105 561; x_wconf 58' lang='lat' dir='ltr'><strong>fueritisss</strong></span> <span class='ocrx_word' id='word_1_12' title='bbox 1126 467 1176 545; x_wconf 91' lang='lat' dir='ltr'><strong>ad</strong></span> <span class='ocrx_word' id='word_1_13' title='bbox 1231 493 1258 540; x_wconf 86' lang='grc'><strong>.·</strong></span> 
     </span>
    </p>

    <p class='ocr_par' dir='ltr' id='par_1_2' title="bbox 50 590 1175 670">
     <span class='ocr_line' id='line_1_4' title="bbox 50 590 1175 670; baseline -0.003 -2"><span class='ocrx_word' id='word_1_14' title='bbox 50 664 53 668; x_wconf 87' lang='grc'><strong>,</strong></span> <span class='ocrx_word' id='word_1_15' title='bbox 128 599 259 670; x_wconf 87' lang='lat' dir='ltr'><strong>statim</strong></span> <span class='ocrx_word' id='word_1_16' title='bbox 281 609 319 666; x_wconf 89' lang='lat' dir='ltr'><strong>et</strong></span> <span class='ocrx_word' id='word_1_17' title='bbox 341 595 380 665; x_wconf 93' lang='lat' dir='ltr'><strong>in</strong></span> <span class='ocrx_word' id='word_1_18' title='bbox 397 593 608 664; x_wconf 89' lang='lat' dir='ltr'><strong>continenti</strong></span> <span class='ocrx_word' id='word_1_19' title='bbox 631 590 684 666; x_wconf 90' lang='lat' dir='ltr'><strong>ad·</strong></span> <span class='ocrx_word' id='word_1_20' title='bbox 711 595 841 668; x_wconf 87' lang='lat' dir='ltr'><strong>locum</strong></span> <span class='ocrx_word' id='word_1_21' title='bbox 861 591 934 669; x_wconf 82' lang='lat' dir='ltr'><strong>fori</strong></span> <span class='ocrx_word' id='word_1_22' title='bbox 952 608 1175 666; x_wconf 87' lang='lat' dir='ltr'><strong>consuetum</strong></span> 
     </span>
    </p>

    <p class='ocr_par' dir='ltr' id='par_1_3' title="bbox 110 711 1196 820">
     <span class='ocr_line' id='line_1_5' title="bbox 110 711 1196 820; baseline -0.003 -30"><span class='ocrx_word' id='word_1_23' title='bbox 110 719 251 819; x_wconf 20' lang='lat' dir='ltr'><strong>lipsius</strong></span> <span class='ocrx_word' id='word_1_24' title='bbox 274 729 427 790; x_wconf 89' lang='lat' dir='ltr'><strong>vestrae</strong></span> <span class='ocrx_word' id='word_1_25' title='bbox 455 713 651 806; x_wconf 84' lang='lat' dir='ltr'><strong>Civitatis,</strong></span> <span class='ocrx_word' id='word_1_26' title='bbox 680 715 744 792; x_wconf 90' lang='lat' dir='ltr'><strong>ubi</strong></span> <span class='ocrx_word' id='word_1_27' title='bbox 782 714 929 820; x_wconf 87' lang='lat' dir='ltr'><strong>scilicet</strong></span> <span class='ocrx_word' id='word_1_28' title='bbox 961 711 1055 792; x_wconf 83' lang='lat' dir='ltr'><strong>alias</strong></span> <span class='ocrx_word' id='word_1_29' title='bbox 1087 717 1196 817; x_wconf 82' lang='lat' dir='ltr'><strong>pro·‘</strong></span> 
     </span>
    </p>

    <p class='ocr_par' dir='ltr' id='par_1_4' title="bbox 116 830 1176 1056">
     <span class='ocr_line' id='line_1_6' title="bbox 116 830 1175 941; baseline -0.006 -27"><span class='ocrx_word' id='word_1_30' title='bbox 116 841 323 939; x_wconf 47' lang='lat' dir='ltr'><strong>&#39;inuigatio</strong></span> <span class='ocrx_word' id='word_1_31' title='bbox 374 861 444 914; x_wconf 86' lang='lat' dir='ltr'><strong>seu</strong></span> <span class='ocrx_word' id='word_1_32' title='bbox 476 836 732 941; x_wconf 81' lang='lat' dir='ltr'><strong>proclamatio</strong></span> <span class='ocrx_word' id='word_1_33' title='bbox 769 835 1015 940; x_wconf 82' lang='lat' dir='ltr'><strong>recipiendae</strong></span> <span class='ocrx_word' id='word_1_34' title='bbox 1048 830 1175 920; x_wconf 81' lang='lat' dir='ltr'><strong>nbvae</strong></span> 
     </span>
     <span class='ocr_line' id='line_1_7' title="bbox 132 959 1176 1056; baseline -0.004 -20"><span class='ocrx_word' id='word_1_35' title='bbox 132 978 313 1036; x_wconf 87' lang='lat' dir='ltr'><strong>monetae</strong></span> <span class='ocrx_word' id='word_1_36' title='bbox 335 961 417 1036; x_wconf 88' lang='lat' dir='ltr'><strong>lieri</strong></span> <span class='ocrx_word' id='word_1_37' title='bbox 441 971 665 1053; x_wconf 79' lang='lat' dir='ltr'><strong>consuevit,</strong></span> <span class='ocrx_word' id='word_1_38' title='bbox 695 959 906 1056; x_wconf 81' lang='lat' dir='ltr'>accedere,</span> <span class='ocrx_word' id='word_1_39' title='bbox 959 977 996 1035; x_wconf 92' lang='lat' dir='ltr'><strong>et</strong></span> <span class='ocrx_word' id='word_1_40' title='bbox 1032 983 1176 1037; x_wconf 89' lang='lat' dir='ltr'><strong>novam</strong></span> 
     </span>
    </p>

    <p class='ocr_par' dir='ltr' id='par_1_5' title="bbox 86 1081 1177 1304">
     <span class='ocr_line' id='line_1_8' title="bbox 86 1081 1177 1188; baseline -0.002 -30"><span class='ocrx_word' id='word_1_41' title='bbox 86 1171 91 1180; x_wconf 25' lang='lat'>¹</span> <span class='ocrx_word' id='word_1_42' title='bbox 133 1101 307 1158; x_wconf 90' lang='lat' dir='ltr'><strong>nostram</strong></span> <span class='ocrx_word' id='word_1_43' title='bbox 336 1101 559 1180; x_wconf 83' lang='lat' dir='ltr'>monetam,</span> <span class='ocrx_word' id='word_1_44' title='bbox 596 1112 692 1185; x_wconf 88' lang='lat' dir='ltr'><strong>quae</strong></span> <span class='ocrx_word' id='word_1_45' title='bbox 730 1090 808 1186; x_wconf 75' lang='lat' dir='ltr'><strong>iam</strong></span> <span class='ocrx_word' id='word_1_46' title='bbox 846 1091 885 1162; x_wconf 90' lang='lat' dir='ltr'><strong>in</strong></span> <span class='ocrx_word' id='word_1_47' title='bbox 927 1089 1106 1188; x_wconf 89' lang='lat' dir='ltr'><strong>proximo</strong></span> <span class='ocrx_word' id='word_1_48' title='bbox 1137 1081 1177 1156; x_wconf 93' lang='lat' dir='ltr'><strong>in</strong></span> 
     </span>
     <span class='ocr_line' id='line_1_9' title="bbox 136 1187 1177 1304; baseline -0.002 -26"><span class='ocrx_word' id='word_1_49' title='bbox 136 1187 240 1280; x_wconf 87' lang='lat' dir='ltr'><strong>diota</strong></span> <span class='ocrx_word' id='word_1_50' title='bbox 276 1204 438 1281; x_wconf 79' lang='lat' dir='ltr'><strong>Camena</strong></span> <span class='ocrx_word' id='word_1_51' title='bbox 462 1225 592 1283; x_wconf 89' lang='lat' dir='ltr'><strong>nostra</strong></span> <span class='ocrx_word' id='word_1_52' title='bbox 614 1207 890 1285; x_wconf 68' lang='lat' dir='ltr'><strong>Cremniciensi</strong></span> <span class='ocrx_word' id='word_1_53' title='bbox 924 1205 1108 1295; x_wconf 80' lang='lat' dir='ltr'>cudetur,</span> <span class='ocrx_word' id='word_1_54' title='bbox 1137 1219 1177 1304; x_wconf 78' lang='lat' dir='ltr'><strong>et</strong></span> 
     </span>
    </p>

    <p class='ocr_par' dir='ltr' id='par_1_6' title="bbox 27 1319 1205 1682">
     <span class='ocr_line' id='line_1_10' title="bbox 27 1319 1176 1421; baseline -0.005 -17"><span class='ocrx_word' id='word_1_55' title='bbox 27 1391 36 1404; x_wconf 95' lang='lat'>.</span> <span class='ocrx_word' id='word_1_56' title='bbox 135 1327 397 1421; x_wconf 82' lang='lat' dir='ltr'><strong>laborabitur,</strong></span> <span class='ocrx_word' id='word_1_57' title='bbox 426 1347 578 1406; x_wconf 84' lang='lat' dir='ltr'><strong>servata</strong></span> <span class='ocrx_word' id='word_1_58' title='bbox 602 1329 878 1411; x_wconf 81' lang='lat' dir='ltr'><strong>consuetudine</strong></span> <span class='ocrx_word' id='word_1_59' title='bbox 905 1333 944 1405; x_wconf 94' lang='lat' dir='ltr'><strong>in</strong></span> <span class='ocrx_word' id='word_1_60' title='bbox 967 1319 1105 1404; x_wconf 78' lang='lat' dir='ltr'><strong>talibus</strong></span> <span class='ocrx_word' id='word_1_61' title='bbox 1127 1323 1176 1398; x_wconf 92' lang='lat' dir='ltr'><strong>ab</strong></span> 
     </span>
     <span class='ocr_line' id='line_1_11' title="bbox 137 1443 1181 1556; baseline -0.005 -32"><span class='ocrx_word' id='word_1_62' title='bbox 137 1458 296 1550; x_wconf 87' lang='lat' dir='ltr'><strong>antiquo</strong></span> <span class='ocrx_word' id='word_1_63' title='bbox 317 1467 444 1551; x_wconf 82' lang='lat' dir='ltr'><strong>tenta,</strong></span> <span class='ocrx_word' id='word_1_64' title='bbox 477 1453 605 1556; x_wconf 85' lang='lat' dir='ltr'><strong>palam</strong></span> <span class='ocrx_word' id='word_1_65' title='bbox 631 1472 669 1531; x_wconf 93' lang='lat' dir='ltr'><strong>et</strong></span> <span class='ocrx_word' id='word_1_66' title='bbox 692 1443 893 1529; x_wconf 87' lang='lat' dir='ltr'><strong>manifeste</strong></span> <span class='ocrx_word' id='word_1_67' title='bbox 923 1443 1181 1556; x_wconf 75' lang='lat' dir='ltr'><strong>proclamari,</strong></span> 
     </span>
     <span class='ocr_line' id='line_1_12' title="bbox 136 1574 1205 1682; baseline -0.007 -31"><span class='ocrx_word' id='word_1_68' title='bbox 136 1585 183 1651; x_wconf 83' lang='lat' dir='ltr'><strong>ao</strong></span> <span class='ocrx_word' id='word_1_69' title='bbox 214 1577 451 1682; x_wconf 81' lang='lat' dir='ltr'><strong>promulgari</strong></span> <span class='ocrx_word' id='word_1_70' title='bbox 480 1574 660 1653; x_wconf 84' lang='lat' dir='ltr'><strong>faciendo</strong></span> <span class='ocrx_word' id='word_1_71' title='bbox 696 1601 829 1655; x_wconf 87' lang='lat' dir='ltr'><strong>omnes</strong></span> <span class='ocrx_word' id='word_1_72' title='bbox 866 1579 1103 1679; x_wconf 81' lang='lat' dir='ltr'><strong>emptiones,</strong></span> <span class='ocrx_word' id='word_1_73' title='bbox 1144 1585 1205 1644; x_wconf 89' lang='lat' dir='ltr'><strong>et·</strong></span> 
     </span>
    </p>

    <p class='ocr_par' dir='ltr' id='par_1_7' title="bbox 99 1687 1226 2164">
     <span class='ocr_line' id='line_1_13' title="bbox 99 1687 1181 1803; baseline -0.012 -26"><span class='ocrx_word' id='word_1_74' title='bbox 99 1743 102 1752; x_wconf 89' lang='lat'><strong>·</strong></span> <span class='ocrx_word' id='word_1_75' title='bbox 136 1696 410 1796; x_wconf 78' lang='lat' dir='ltr'><strong>venditiones,</strong></span> <span class='ocrx_word' id='word_1_76' title='bbox 449 1723 494 1773; x_wconf 87' lang='lat' dir='ltr'><strong>ec</strong></span> <span class='ocrx_word' id='word_1_77' title='bbox 529 1705 718 1803; x_wconf 77' lang='lat' dir='ltr'><strong>imprimis</strong></span> <span class='ocrx_word' id='word_1_78' title='bbox 760 1702 989 1774; x_wconf 85' lang='lat' dir='ltr'><strong>commercia</strong></span> <span class='ocrx_word' id='word_1_79' title='bbox 1022 1701 1062 1770; x_wconf 93' lang='lat' dir='ltr'><strong>in</strong></span> <span class='ocrx_word' id='word_1_80' title='bbox 1096 1687 1181 1794; x_wconf 79' lang='lat' dir='ltr'><strong>ipsa</strong></span> 
     </span>
     <span class='ocr_line' id='line_1_14' title="bbox 139 1811 1226 1924; baseline -0.007 -30"><span class='ocrx_word' id='word_1_81' title='bbox 139 1825 292 1894; x_wconf 87' lang='lat' dir='ltr'><strong>civitate</strong></span> <span class='ocrx_word' id='word_1_82' title='bbox 324 1838 457 1896; x_wconf 86' lang='lat' dir='ltr'><strong>vestra</strong></span> <span class='ocrx_word' id='word_1_83' title='bbox 495 1837 531 1895; x_wconf 90' lang='lat' dir='ltr'><strong>et</strong></span> <span class='ocrx_word' id='word_1_84' title='bbox 558 1825 637 1921; x_wconf 87' lang='lat' dir='ltr'><strong>ejus</strong></span> <span class='ocrx_word' id='word_1_85' title='bbox 670 1824 910 1924; x_wconf 83' lang='lat' dir='ltr'><strong>pertinentiis</strong></span> <span class='ocrx_word' id='word_1_86' title='bbox 950 1841 1021 1920; x_wconf 90' lang='lat' dir='ltr'><strong>per</strong></span> <span class='ocrx_word' id='word_1_87' title='bbox 1054 1811 1226 1918; x_wconf 63' lang='lat' dir='ltr'><strong>ipsame‘</strong></span> 
     </span>
     <span class='ocr_line' id='line_1_15' title="bbox 140 1933 1181 2044; baseline -0.007 -27"><span class='ocrx_word' id='word_1_88' title='bbox 140 1967 282 2043; x_wconf 82' lang='lat' dir='ltr'><strong>novam</strong></span> <span class='ocrx_word' id='word_1_89' title='bbox 307 1957 504 2018; x_wconf 79' lang='lat' dir='ltr'><strong>monetam</strong></span> <span class='ocrx_word' id='word_1_90' title='bbox 528 1961 723 2036; x_wconf 85' lang='lat' dir='ltr'><strong>nostram,</strong></span> <span class='ocrx_word' id='word_1_91' title='bbox 752 1960 791 2018; x_wconf 91' lang='lat' dir='ltr'><strong>et</strong></span> <span class='ocrx_word' id='word_1_92' title='bbox 813 1967 897 2023; x_wconf 90' lang='lat' dir='ltr'><strong>non</strong></span> <span class='ocrx_word' id='word_1_93' title='bbox 912 1945 1106 2044; x_wconf 83' lang='lat' dir='ltr'><strong>priorem,</strong></span> <span class='ocrx_word' id='word_1_94' title='bbox 1134 1933 1181 2011; x_wconf 72' lang='lat' dir='ltr'><strong>a&#39;e</strong></span> 
     </span>
     <span class='ocr_line' id='line_1_16' title="bbox 139 2040 1183 2164; baseline -0.002 -28"><span class='ocrx_word' id='word_1_95' title='bbox 139 2070 334 2163; x_wconf 87' lang='lat' dir='ltr'><strong>antiquam</strong></span> <span class='ocrx_word' id='word_1_96' title='bbox 369 2070 411 2139; x_wconf 92' lang='lat' dir='ltr'><strong>in</strong></span> <span class='ocrx_word' id='word_1_97' title='bbox 439 2081 551 2139; x_wconf 87' lang='lat' dir='ltr'><strong>antea</strong></span> <span class='ocrx_word' id='word_1_98' title='bbox 575 2068 678 2159; x_wconf 86' lang='lat' dir='ltr'><strong>fieri,</strong></span> <span class='ocrx_word' id='word_1_99' title='bbox 706 2040 987 2164; x_wconf 74' lang='lat' dir='ltr'><strong>exercereque,</strong></span> <span class='ocrx_word' id='word_1_100' title='bbox 1014 2078 1051 2136; x_wconf 88' lang='lat' dir='ltr'><strong>et</strong></span> <span class='ocrx_word' id='word_1_101' title='bbox 1073 2084 1183 2164; x_wconf 91' lang='lat' dir='ltr'><strong>pera·</strong></span> 
     </span>
    </p>

    <p class='ocr_par' dir='ltr' id='par_1_8' title="bbox 28 2167 1185 2292">
     <span class='ocr_line' id='line_1_17' title="bbox 28 2167 1185 2292; baseline -0.001 -32"><span class='ocrx_word' id='word_1_102' title='bbox 28 2217 44 2282; x_wconf 73' lang='grc'><strong>,·</strong></span> <span class='ocrx_word' id='word_1_103' title='bbox 140 2167 233 2290; x_wconf 70' lang='lat' dir='ltr'><strong>gere</strong></span> <span class='ocrx_word' id='word_1_104' title='bbox 259 2171 430 2278; x_wconf 75' lang='lat' dir='ltr'><strong>faciatis,</strong></span> <span class='ocrx_word' id='word_1_105' title='bbox 459 2191 578 2263; x_wconf 90' lang='lat' dir='ltr'><strong>immo</strong></span> <span class='ocrx_word' id='word_1_106' title='bbox 602 2191 728 2292; x_wconf 80' lang='lat' dir='ltr'><strong>ipsam</strong></span> <span class='ocrx_word' id='word_1_107' title='bbox 754 2193 948 2292; x_wconf 76' lang='lat' dir='ltr'><strong>priorem,</strong></span> <span class='ocrx_word' id='word_1_108' title='bbox 989 2209 1056 2259; x_wconf 88' lang='lat' dir='ltr'><strong>seu</strong></span> <span class='ocrx_word' id='word_1_109' title='bbox 1091 2189 1185 2260; x_wconf 90' lang='lat' dir='ltr'><strong>anti·</strong></span> 
     </span>
    </p>

    <p class='ocr_par' dir='ltr' id='par_1_9' title="bbox 45 2301 1262 2776">
     <span class='ocr_line' id='line_1_18' title="bbox 45 2301 1262 2417; baseline -0.007 -36"><span class='ocrx_word' id='word_1_110' title='bbox 45 2309 51 2324; x_wconf 94' lang='lat'>&#39;</span> <span class='ocrx_word' id='word_1_111' title='bbox 141 2335 258 2408; x_wconf 89' lang='lat' dir='ltr'><strong>quam</strong></span> <span class='ocrx_word' id='word_1_112' title='bbox 288 2325 487 2383; x_wconf 86' lang='lat' dir='ltr'><strong>monetam</strong></span> <span class='ocrx_word' id='word_1_113' title='bbox 510 2333 582 2417; x_wconf 74' lang='lat' dir='ltr'><strong>per</strong></span> <span class='ocrx_word' id='word_1_114' title='bbox 612 2335 748 2385; x_wconf 89' lang='lat' dir='ltr'><strong>omnes</strong></span> <span class='ocrx_word' id='word_1_115' title='bbox 772 2313 1032 2408; x_wconf 77' lang='lat' dir='ltr'><strong>cujuscunque</strong></span> <span class='ocrx_word' id='word_1_116' title='bbox 1054 2301 1185 2381; x_wconf 86' lang='lat' dir='ltr'><strong>condi·</strong></span> <span class='ocrx_word' id='word_1_117' title='bbox 1244 2337 1262 2364; x_wconf 57' lang='grc' dir='ltr'>κ</span> 
     </span>
     <span class='ocr_line' id='line_1_19' title="bbox 144 2429 1184 2535; baseline -0.009 -29"><span class='ocrx_word' id='word_1_118' title='bbox 144 2435 259 2506; x_wconf 85' lang='lat' dir='ltr'><strong>tionis¹</strong></span> <span class='ocrx_word' id='word_1_119' title='bbox 280 2431 462 2507; x_wconf 85' lang='lat' dir='ltr'><strong>&#39;homines</strong></span> <span class='ocrx_word' id='word_1_120' title='bbox 485 2448 564 2507; x_wconf 89' lang='lat' dir='ltr'><strong>tam</strong></span> <span class='ocrx_word' id='word_1_121' title='bbox 592 2441 819 2530; x_wconf 79' lang='lat' dir='ltr'><strong>extraneos,</strong></span> <span class='ocrx_word' id='word_1_122' title='bbox 841 2455 956 2535; x_wconf 88' lang='lat' dir='ltr'><strong>quam</strong></span> <span class='ocrx_word' id='word_1_123' title='bbox 981 2429 1184 2512; x_wconf 83' lang='lat' dir='ltr'><strong>Forenses‚</strong></span> 
     </span>
     <span class='ocr_line' id='line_1_20' title="bbox 144 2547 1186 2652; baseline -0.004 -29"><span class='ocrx_word' id='word_1_124' title='bbox 144 2575 259 2650; x_wconf 87' lang='lat' dir='ltr'><strong>quam</strong></span> <span class='ocrx_word' id='word_1_125' title='bbox 273 2594 275 2600; x_wconf 83' lang='lat'><em>.</em></span> <span class='ocrx_word' id='word_1_126' title='bbox 291 2553 406 2624; x_wconf 89' lang='lat' dir='ltr'><strong>etiam</strong></span> <span class='ocrx_word' id='word_1_127' title='bbox 419 2554 457 2624; x_wconf 92' lang='lat' dir='ltr'><strong>in</strong></span> <span class='ocrx_word' id='word_1_128' title='bbox 477 2555 560 2652; x_wconf 88' lang='lat' dir='ltr'><strong>ipsa</strong></span> <span class='ocrx_word' id='word_1_129' title='bbox 583 2556 737 2626; x_wconf 89' lang='lat' dir='ltr'><strong>civitate</strong></span> <span class='ocrx_word' id='word_1_130' title='bbox 749 2547 879 2626; x_wconf 87' lang='lat' dir='ltr'><strong>nostra</strong></span> <span class='ocrx_word' id='word_1_131' title='bbox 891 2549 1186 2648; x_wconf 74' lang='lat' dir='ltr'><strong>Creprniciensi,</strong></span> 
     </span>
     <span class='ocr_line' id='line_1_21' title="bbox 136 2663 1254 2776; baseline 0.006 -32"><span class='ocrx_word' id='word_1_132' title='bbox 136 2663 182 2744; x_wconf 84' lang='lat' dir='ltr'><strong>¹et</strong></span> <span class='ocrx_word' id='word_1_133' title='bbox 206 2668 379 2767; x_wconf 85' lang='lat' dir='ltr'><strong>ejusdem</strong></span> <span class='ocrx_word' id='word_1_134' title='bbox 403 2671 640 2772; x_wconf 83' lang='lat' dir='ltr'><strong>pertinentiis</strong></span> <span class='ocrx_word' id='word_1_135' title='bbox 664 2671 869 2776; x_wconf 87' lang='lat' dir='ltr'><strong>praedictis</strong></span> <span class='ocrx_word' id='word_1_136' title='bbox 894 2671 1055 2774; x_wconf 80' lang='lat' dir='ltr'><strong>ubilibet</strong></span> <span class='ocrx_word' id='word_1_137' title='bbox 1081 2694 1186 2751; x_wconf 85' lang='lat' dir='ltr'><strong>com·</strong></span> <span class='ocrx_word' id='word_1_138' title='bbox 1247 2717 1254 2768; x_wconf 72' lang='lat' dir='ltr'><strong>t</strong></span> 
     </span>
    </p>

    <p class='ocr_par' dir='ltr' id='par_1_10' title="bbox 30 2789 1247 3016">
     <span class='ocr_line' id='line_1_22' title="bbox 30 2789 1247 2899; baseline -0.002 -31"><span class='ocrx_word' id='word_1_139' title='bbox 30 2845 34 2850; x_wconf 88' lang='lat'><em>-</em></span> <span class='ocrx_word' id='word_1_140' title='bbox 148 2813 341 2868; x_wconf 85' lang='lat' dir='ltr'><strong>morantes</strong></span> <span class='ocrx_word' id='word_1_141' title='bbox 371 2789 422 2868; x_wconf 88' lang='lat' dir='ltr'><strong>ad</strong></span> <span class='ocrx_word' id='word_1_142' title='bbox 445 2797 686 2899; x_wconf 81' lang='lat' dir='ltr'><strong>praedictam</strong></span> <span class='ocrx_word' id='word_1_143' title='bbox 710 2811 884 2871; x_wconf 87' lang='lat' dir='ltr'><strong>nostram</strong></span> <span class='ocrx_word' id='word_1_144' title='bbox 895 2793 1096 2871; x_wconf 89' lang='lat' dir='ltr'><strong>Cameram</strong></span> <span class='ocrx_word' id='word_1_145' title='bbox 1112 2816 1185 2894; x_wconf 91' lang='lat' dir='ltr'><strong>pro</strong></span> <span class='ocrx_word' id='word_1_146' title='bbox 1240 2792 1247 2800; x_wconf 87' lang='lat'>&#39;</span> 
     </span>
     <span class='ocr_line' id='line_1_23' title="bbox 148 2915 1186 3016; baseline -0.006 -24"><span class='ocrx_word' id='word_1_147' title='bbox 148 2919 450 2992; x_wconf 82' lang='lat' dir='ltr'><strong>commutatione</strong></span> <span class='ocrx_word' id='word_1_148' title='bbox 491 2915 687 2994; x_wconf 85' lang='lat' dir='ltr'><strong>talismodi</strong></span> <span class='ocrx_word' id='word_1_149' title='bbox 725 2931 849 2993; x_wconf 85' lang='lat' dir='ltr'><strong>novae</strong></span> <span class='ocrx_word' id='word_1_150' title='bbox 867 2927 870 2940; x_wconf 92' lang='lat'>&#39;</span> <span class='ocrx_word' id='word_1_151' title='bbox 891 2921 1094 2990; x_wconf 82' lang='lat' dir='ltr'><strong>monetae·</strong></span> <span class='ocrx_word' id='word_1_152' title='bbox 1114 2937 1186 3016; x_wconf 78' lang='lat' dir='ltr'><strong>pto</strong></span> 
     </span>
    </p>

    <p class='ocr_par' dir='ltr' id='par_1_11' title="bbox 91 3037 1189 3260">
     <span class='ocr_line' id='line_1_24' title="bbox 91 3037 1189 3142; baseline -0.005 -27"><span class='ocrx_word' id='word_1_153' title='bbox 91 3049 99 3062; x_wconf 85' lang='lat'><em>&#39;</em></span> <span class='ocrx_word' id='word_1_154' title='bbox 148 3039 285 3115; x_wconf 86' lang='lat' dir='ltr'><strong>eadem</strong></span> <span class='ocrx_word' id='word_1_155' title='bbox 311 3063 418 3112; x_wconf 90' lang='lat' dir='ltr'><strong>more</strong></span> <span class='ocrx_word' id='word_1_156' title='bbox 441 3057 623 3116; x_wconf 89' lang='lat' dir='ltr'><strong>consueto</strong></span> <span class='ocrx_word' id='word_1_157' title='bbox 653 3037 781 3114; x_wconf 86' lang='lat' dir='ltr'><strong>fienda</strong></span> <span class='ocrx_word' id='word_1_158' title='bbox 805 3039 874 3115; x_wconf 83' lang='lat' dir='ltr'><strong>sub</strong></span> <span class='ocrx_word' id='word_1_159' title='bbox 894 3043 1030 3142; x_wconf 86' lang='lat' dir='ltr'><strong>poenis</strong></span> <span class='ocrx_word' id='word_1_160' title='bbox 1052 3053 1089 3114; x_wconf 82' lang='lat' dir='ltr'><strong>et</strong></span> <span class='ocrx_word' id='word_1_161' title='bbox 1104 3057 1189 3136; x_wconf 85' lang='lat' dir='ltr'><strong>gre·</strong></span> 
     </span>
     <span class='ocr_line' id='line_1_25' title="bbox 145 3139 1186 3260; baseline -0.011 -20"><span class='ocrx_word' id='word_1_162' title='bbox 145 3165 364 3241; x_wconf 85' lang='lat' dir='ltr'><strong>vaminibus</strong></span> <span class='ocrx_word' id='word_1_163' title='bbox 384 3165 531 3252; x_wconf 77' lang='lat' dir='ltr'><strong>solitis,</strong></span> <span class='ocrx_word' id='word_1_164' title='bbox 559 3139 603 3238; x_wconf 72' lang='lat' dir='ltr'><strong>ac</strong></span> <span class='ocrx_word' id='word_1_165' title='bbox 628 3163 678 3238; x_wconf 90' lang='lat' dir='ltr'><strong>ab</strong></span> <span class='ocrx_word' id='word_1_166' title='bbox 700 3166 854 3260; x_wconf 91' lang='lat' dir='ltr'><strong>antiquo</strong></span> <span class='ocrx_word' id='word_1_167' title='bbox 883 3165 997 3236; x_wconf 89' lang='lat' dir='ltr'><strong>tentis</strong></span> <span class='ocrx_word' id='word_1_168' title='bbox 1034 3173 1186 3246; x_wconf 86' lang='lat' dir='ltr'><strong>nostrae</strong></span> 
     </span>
    </p>

    <p class='ocr_par' dir='ltr' id='par_1_12' title="bbox 113 3274 1249 3754">
     <span class='ocr_line' id='line_1_26' title="bbox 113 3274 1249 3388; baseline -0.008 -24"><span class='ocrx_word' id='word_1_169' title='bbox 113 3357 116 3364; x_wconf 90' lang='grc'><em>,</em></span> <span class='ocrx_word' id='word_1_170' title='bbox 148 3274 366 3383; x_wconf 74' lang='lat' dir='ltr'><strong>Maiestatis</strong></span> <span class='ocrx_word' id='word_1_171' title='bbox 396 3289 434 3360; x_wconf 93' lang='lat' dir='ltr'><strong>in</strong></span> <span class='ocrx_word' id='word_1_172' title='bbox 460 3283 628 3358; x_wconf 83' lang='lat' dir='ltr'><strong>Persona</strong></span> <span class='ocrx_word' id='word_1_173' title='bbox 646 3288 862 3388; x_wconf 79' lang='lat' dir='ltr'><strong>&#39;importari</strong></span> <span class='ocrx_word' id='word_1_174' title='bbox 898 3279 1191 3360; x_wconf 82' lang='lat' dir='ltr'><strong>committendo.</strong></span> <span class='ocrx_word' id='word_1_175' title='bbox 1212 3275 1216 3284; x_wconf 63' lang='grc'><strong>’</strong></span> <span class='ocrx_word' id='word_1_176' title='bbox 1236 3320 1249 3380; x_wconf 63' lang='lat'><strong>⁸,</strong></span> 
     </span>
     <span class='ocr_line' id='line_1_27' title="bbox 151 3395 1191 3509; baseline -0.008 -29"><span class='ocrx_word' id='word_1_177' title='bbox 151 3407 266 3482; x_wconf 84' lang='lat' dir='ltr'><strong>Secus</strong></span> <span class='ocrx_word' id='word_1_178' title='bbox 291 3432 367 3483; x_wconf 90' lang='lat' dir='ltr'><strong>non</strong></span> <span class='ocrx_word' id='word_1_179' title='bbox 391 3405 540 3480; x_wconf 84' lang='lat' dir='ltr'><strong>facturi.</strong></span> <span class='ocrx_word' id='word_1_180' title='bbox 593 3395 862 3484; x_wconf 79' lang='lat' dir='ltr'><strong>Praesentibus</strong></span> <span class='ocrx_word' id='word_1_181' title='bbox 888 3406 1077 3509; x_wconf 79' lang='lat' dir='ltr'><strong>perlectis</strong></span> <span class='ocrx_word' id='word_1_182' title='bbox 1117 3405 1191 3478; x_wconf 80' lang='lat' dir='ltr'>Ex..</span> 
     </span>
     <span class='ocr_line' id='line_1_28' title="bbox 150 3525 1191 3611; baseline -0.006 -7"><span class='ocrx_word' id='word_1_183' title='bbox 150 3525 297 3604; x_wconf 89' lang='lat' dir='ltr'><strong>hibenti</strong></span> <span class='ocrx_word' id='word_1_184' title='bbox 344 3533 538 3611; x_wconf 86' lang='lat' dir='ltr'><strong>restitutis.</strong></span> <span class='ocrx_word' id='word_1_185' title='bbox 604 3529 751 3608; x_wconf 87' lang='lat' dir='ltr'><strong>Datum</strong></span> <span class='ocrx_word' id='word_1_186' title='bbox 793 3527 970 3603; x_wconf 86' lang='lat' dir='ltr'><strong>Viennae</strong></span> <span class='ocrx_word' id='word_1_187' title='bbox 1007 3525 1191 3605; x_wconf 84' lang='lat' dir='ltr'><strong>&#39;Sabatho</strong></span> 
     </span>
     <span class='ocr_line' id='line_1_29' title="bbox 151 3649 1191 3754; baseline 0.001 -31"><span class='ocrx_word' id='word_1_188' title='bbox 151 3655 328 3754; x_wconf 87' lang='lat' dir='ltr'><strong>proximo</strong></span> <span class='ocrx_word' id='word_1_189' title='bbox 347 3666 436 3754; x_wconf 89' lang='lat' dir='ltr'><strong>post</strong></span> <span class='ocrx_word' id='word_1_190' title='bbox 461 3649 618 3729; x_wconf 86' lang='lat' dir='ltr'><strong>Festum</strong></span> <span class='ocrx_word' id='word_1_191' title='bbox 633 3650 880 3750; x_wconf 63' lang='lat' dir='ltr'><strong>Ascensionis</strong></span> <span class='ocrx_word' id='word_1_192' title='bbox 892 3651 1062 3726; x_wconf 89' lang='lat' dir='ltr'><strong>Domini.</strong></span> <span class='ocrx_word' id='word_1_193' title='bbox 1076 3652 1191 3750; x_wconf 72' lang='lat' dir='ltr'><strong>Anno</strong></span> 
     </span>
    </p>

    <p class='ocr_par' dir='ltr' id='par_1_13' title="bbox 110 3759 1210 3880">
     <span class='ocr_line' id='line_1_30' title="bbox 110 3759 1210 3880; baseline -0.005 -26"><span class='ocrx_word' id='word_1_194' title='bbox 110 3759 130 3854; x_wconf 90' lang='grc' dir='ltr'><strong> </strong></span> <span class='ocrx_word' id='word_1_195' title='bbox 153 3761 325 3871; x_wconf 82' lang='lat' dir='ltr'><strong>ejusdem</strong></span> <span class='ocrx_word' id='word_1_196' title='bbox 365 3789 474 3870; x_wconf 64' lang='lat'>1453·</span> <span class='ocrx_word' id='word_1_197' title='bbox 501 3772 625 3880; x_wconf 82' lang='lat' dir='ltr'><strong>Regni</strong></span> <span class='ocrx_word' id='word_1_198' title='bbox 660 3791 788 3856; x_wconf 85' lang='lat' dir='ltr'><strong>autem</strong></span> <span class='ocrx_word' id='word_1_199' title='bbox 824 3778 945 3852; x_wconf 82' lang='lat' dir='ltr'><strong>nostri</strong></span> <span class='ocrx_word' id='word_1_200' title='bbox 985 3797 1086 3850; x_wconf 88' lang='lat' dir='ltr'><strong>anno</strong></span> <span class='ocrx_word' id='word_1_201' title='bbox 1121 3773 1210 3855; x_wconf 47' lang='lat' dir='ltr'><strong>tre«,</strong></span> 
     </span>
    </p>

    <p class='ocr_par' dir='ltr' id='par_1_14' title="bbox 10 3885 1243 3976">
     <span class='ocr_line' id='line_1_31' title="bbox 10 3885 1243 3976; baseline -0.004 -2"><span class='ocrx_word' id='word_1_202' title='bbox 10 3895 412 3976; x_wconf 70' lang='lat' dir='ltr'><strong>&#39;&#39;decimo&#39;</strong></span> <span class='ocrx_word' id='word_1_203' title='bbox 719 3891 725 3900; x_wconf 74' lang='grc'><em>’</em></span> <span class='ocrx_word' id='word_1_204' title='bbox 892 3885 897 3902; x_wconf 86' lang='grc'><strong>’</strong></span> <span class='ocrx_word' id='word_1_205' title='bbox 1005 3891 1105 3905; x_wconf 78' lang='grc'><em>”</em></span> <span class='ocrx_word' id='word_1_206' title='bbox 1240 3897 1243 3903; x_wconf 86' lang='grc'><strong>’</strong></span> 
     </span>
    </p>
   </div>
   <div class='ocr_carea' id='block_1_2' title="bbox 0 0 1295 4390">
    <p class='ocr_par' dir='ltr' id='par_1_15' title="bbox 0 0 1295 4390">
     <span class='ocr_line' id='line_1_32' title="bbox 0 0 1295 4390; baseline 0 0"><span class='ocrx_word' id='word_1_207' title='bbox 0 0 1295 4390; x_wconf 95' lang='lat' dir='ltr'><strong> </strong></span> 
     </span>
    </p>
   </div>
   <div class='ocr_carea' id='block_1_3' title="bbox 804 4242 1015 4350">
    <p class='ocr_par' dir='ltr' id='par_1_16' title="bbox 804 4242 1015 4373">
     <span class='ocr_line' id='line_1_33' title="bbox 804 4242 1015 4350; baseline -0.005 -96"><span class='ocrx_word' id='word_1_208' title='bbox 804 4242 1015 4350; x_wconf 65' lang='lat' dir='ltr'><strong>&#39;xe</strong></span> 
     </span>
    </p>
   </div>
  </div>
 </body>
</html>
