<?xml version="1.0" encoding="UTF-8"?>
<!DOCTYPE html PUBLIC "-//W3C//DTD XHTML 1.0 Transitional//EN"
    "http://www.w3.org/TR/xhtml1/DTD/xhtml1-transitional.dtd">
<html xmlns="http://www.w3.org/1999/xhtml" xml:lang="en" lang="en">
 <head>
  <title>
</title>
<meta http-equiv="Content-Type" content="text/html;charset=utf-8" />
  <meta name='ocr-system' content='tesseract 3.04.00' />
  <meta name='ocr-capabilities' content='ocr_page ocr_carea ocr_par ocr_line ocrx_word'/>
</head>
<body>
  <div class='ocr_page' id='page_1' title='image "./catalogusnumoru00millgoog_0463.png"; bbox 0 0 2536 4390; ppageno 0'>
   <div class='ocr_carea' id='block_1_1' title="bbox 154 371 1208 786">
    <p class='ocr_par' dir='ltr' id='par_1_1' title="bbox 154 371 1208 786">
     <span class='ocr_line' id='line_1_1' title="bbox 154 371 812 486; baseline -0.024 -11"><span class='ocrx_word' id='word_1_1' title='bbox 154 405 232 486; x_wconf 74' lang='lat'>354</span> <span class='ocrx_word' id='word_1_2' title='bbox 261 371 265 390; x_wconf 56' lang='lat'><em>¹</em></span> <span class='ocrx_word' id='word_1_3' title='bbox 528 375 812 465; x_wconf 55' lang='lat' dir='ltr'>mobon-</span> 
     </span>
     <span class='ocr_line' id='line_1_2' title="bbox 155 547 1205 651; baseline -0.01 -19"><span class='ocrx_word' id='word_1_4' title='bbox 155 553 369 632; x_wconf 76' lang='lat' dir='ltr'>eductionis</span> <span class='ocrx_word' id='word_1_5' title='bbox 391 555 537 651; x_wconf 78' lang='lat' dir='ltr'>argenti</span> <span class='ocrx_word' id='word_1_6' title='bbox 552 553 755 622; x_wconf 87' lang='lat' dir='ltr'>commissa</span> <span class='ocrx_word' id='word_1_7' title='bbox 767 547 939 637; x_wconf 84' lang='lat' dir='ltr'>fuissent,</span> <span class='ocrx_word' id='word_1_8' title='bbox 953 571 1042 624; x_wconf 90' lang='lat' dir='ltr'>cum</span> <span class='ocrx_word' id='word_1_9' title='bbox 1063 563 1205 622; x_wconf 87' lang='lat' dir='ltr'>tamen</span> 
     </span>
     <span class='ocr_line' id='line_1_3' title="bbox 156 647 1208 786; baseline -0.011 -29"><span class='ocrx_word' id='word_1_10' title='bbox 156 679 251 786; x_wconf 82' lang='lat' dir='ltr'>nibil</span> <span class='ocrx_word' id='word_1_11' title='bbox 272 682 417 779; x_wconf 78' lang='lat' dir='ltr'>argenti</span> <span class='ocrx_word' id='word_1_12' title='bbox 440 701 517 750; x_wconf 89' lang='lat' dir='ltr'>non</span> <span class='ocrx_word' id='word_1_13' title='bbox 542 681 620 749; x_wconf 90' lang='lat' dir='ltr'>cusi</span> <span class='ocrx_word' id='word_1_14' title='bbox 644 647 749 777; x_wconf 80' lang='lat' dir='ltr'>dpud</span> <span class='ocrx_word' id='word_1_15' title='bbox 771 671 837 748; x_wconf 87' lang='lat' dir='ltr'>eos</span> <span class='ocrx_word' id='word_1_16' title='bbox 860 690 1056 774; x_wconf 86' lang='lat' dir='ltr'>repertum</span> <span class='ocrx_word' id='word_1_17' title='bbox 1083 687 1208 760; x_wconf 85' lang='lat' dir='ltr'>esset,</span> 
     </span>
    </p>
   </div>
   <div class='ocr_carea' id='block_1_2' title="bbox 150 797 1210 904">
    <p class='ocr_par' dir='ltr' id='par_1_2' title="bbox 36 797 1210 904">
     <span class='ocr_line' id='line_1_4' title="bbox 150 797 1210 904; baseline -0.013 -24.457"><span class='ocrx_word' id='word_1_18' title='bbox 150 802 259 886; x_wconf 83' lang='lat' dir='ltr'>,unde</span> <span class='ocrx_word' id='word_1_19' title='bbox 287 803 566 904; x_wconf 76' lang='lat' dir='ltr'>supplicatione</span> <span class='ocrx_word' id='word_1_20' title='bbox 592 823 724 872; x_wconf 91' lang='lat' dir='ltr'>eorum</span> <span class='ocrx_word' id='word_1_21' title='bbox 749 797 882 872; x_wconf 91' lang='lat' dir='ltr'>humili</span> <span class='ocrx_word' id='word_1_22' title='bbox 905 813 1064 898; x_wconf 85' lang='lat' dir='ltr'>accepta</span> <span class='ocrx_word' id='word_1_23' title='bbox 1089 797 1210 870; x_wconf 88' lang='lat' dir='ltr'>nolu·</span> 
     </span>
    </p>
   </div>
   <div class='ocr_carea' id='block_1_3' title="bbox 155 917 1213 1154">
    <p class='ocr_par' dir='ltr' id='par_1_3' title="bbox 155 917 1213 1154">
     <span class='ocr_line' id='line_1_5' title="bbox 155 917 1213 1026; baseline -0.009 -25"><span class='ocrx_word' id='word_1_24' title='bbox 155 919 268 1021; x_wconf 71' lang='lat' dir='ltr'>mus&#39;,</span> <span class='ocrx_word' id='word_1_25' title='bbox 295 941 337 999; x_wconf 89' lang='lat' dir='ltr'>ut</span> <span class='ocrx_word' id='word_1_26' title='bbox 361 930 432 1026; x_wconf 89' lang='lat' dir='ltr'>ipsi</span> <span class='ocrx_word' id='word_1_27' title='bbox 451 921 599 997; x_wconf 90' lang='lat' dir='ltr'>Subditi</span> <span class='ocrx_word' id='word_1_28' title='bbox 623 929 757 1017; x_wconf 78' lang='lat' dir='ltr'>nostri,</span> <span class='ocrx_word' id='word_1_29' title='bbox 786 938 823 994; x_wconf 85' lang='lat' dir='ltr'>et</span> <span class='ocrx_word' id='word_1_30' title='bbox 840 917 1213 994; x_wconf 86' lang='lat' dir='ltr'>SerenissimaeRe·</span> 
     </span>
     <span class='ocr_line' id='line_1_6' title="bbox 155 1043 1210 1154; baseline -0.008 -28"><span class='ocrx_word' id='word_1_31' title='bbox 155 1058 266 1154; x_wconf 85' lang='lat' dir='ltr'>ginae</span> <span class='ocrx_word' id='word_1_32' title='bbox 294 1051 445 1126; x_wconf 81' lang='grc' dir='ltr'>Μιιιιιιι</span> <span class='ocrx_word' id='word_1_33' title='bbox 472 1051 619 1124; x_wconf 87' lang='lat' dir='ltr'>Sororis</span> <span class='ocrx_word' id='word_1_34' title='bbox 658 1067 809 1124; x_wconf 87' lang='lat' dir='ltr'>nostrae</span> <span class='ocrx_word' id='word_1_35' title='bbox 848 1045 1096 1120; x_wconf 84' lang='lat' dir='ltr'>charissimae</span> <span class='ocrx_word' id='word_1_36' title='bbox 1130 1043 1210 1119; x_wconf 88' lang='lat' dir='ltr'>hac</span> 
     </span>
    </p>
   </div>
   <div class='ocr_carea' id='block_1_4' title="bbox 39 1166 1210 1283">
    <p class='ocr_par' dir='ltr' id='par_1_4' title="bbox 39 1166 1210 1283">
     <span class='ocr_line' id='line_1_7' title="bbox 39 1166 1210 1283; baseline -0.006 -34"><span class='ocrx_word' id='word_1_37' title='bbox 39 1255 41 1262; x_wconf 64' lang='grc'>,</span> <span class='ocrx_word' id='word_1_38' title='bbox 156 1175 400 1266; x_wconf 85' lang='lat' dir='ltr'>calamitate</span> <span class='ocrx_word' id='word_1_39' title='bbox 424 1188 462 1245; x_wconf 88' lang='lat' dir='ltr'>et</span> <span class='ocrx_word' id='word_1_40' title='bbox 460 1177 734 1283; x_wconf 84' lang='lat' dir='ltr'>oppressione</span> <span class='ocrx_word' id='word_1_41' title='bbox 761 1170 1006 1258; x_wconf 79' lang='lat' dir='ltr'>adiiciuntur3</span> <span class='ocrx_word' id='word_1_42' title='bbox 1055 1166 1210 1242; x_wconf 87' lang='lat' dir='ltr'>horum</span> 
     </span>
    </p>
   </div>
   <div class='ocr_carea' id='block_1_5' title="bbox 35 1295 1212 3854">
    <p class='ocr_par' dir='ltr' id='par_1_5' title="bbox 91 1295 1212 2384">
     <span class='ocr_line' id='line_1_8' title="bbox 152 1295 1212 1394; baseline -0.008 -20"><span class='ocrx_word' id='word_1_43' title='bbox 152 1305 258 1374; x_wconf 88' lang='lat' dir='ltr'>enim</span> <span class='ocrx_word' id='word_1_44' title='bbox 289 1299 609 1371; x_wconf 75' lang='lat' dir='ltr'>Montumstarom</span> <span class='ocrx_word' id='word_1_45' title='bbox 620 1311 853 1388; x_wconf 69' lang='lat' dir='ltr'>nostrorum</span> <span class='ocrx_word' id='word_1_46' title='bbox 878 1295 1080 1394; x_wconf 85' lang='lat' dir='ltr'>oppressio</span> <span class='ocrx_word' id='word_1_47' title='bbox 1121 1316 1212 1366; x_wconf 86' lang='lat' dir='ltr'>non</span> 
     </span>
     <span class='ocr_line' id='line_1_9' title="bbox 134 1403 1210 1525; baseline -0.009 -26"><span class='ocrx_word' id='word_1_48' title='bbox 134 1403 261 1510; x_wconf 64' lang='lat' dir='ltr'>,aliid</span> <span class='ocrx_word' id='word_1_49' title='bbox 292 1428 411 1525; x_wconf 89' lang='lat' dir='ltr'>parit,</span> <span class='ocrx_word' id='word_1_50' title='bbox 440 1445 552 1519; x_wconf 83' lang='lat' dir='ltr'>quam</span> <span class='ocrx_word' id='word_1_51' title='bbox 572 1422 848 1514; x_wconf 82' lang='lat' dir='ltr'>Montanorum</span> <span class='ocrx_word' id='word_1_52' title='bbox 874 1423 1037 1502; x_wconf 76' lang='lat' dir='ltr'>ruinam,</span> <span class='ocrx_word' id='word_1_53' title='bbox 1061 1422 1210 1492; x_wconf 85' lang='lat' dir='ltr'>totius·</span> 
     </span>
     <span class='ocr_line' id='line_1_10' title="bbox 154 1543 1208 1650; baseline -0.008 -26"><span class='ocrx_word' id='word_1_54' title='bbox 154 1575 227 1650; x_wconf 89' lang='lat' dir='ltr'>que</span> <span class='ocrx_word' id='word_1_55' title='bbox 253 1549 403 1650; x_wconf 84' lang='lat' dir='ltr'>Regni,</span> <span class='ocrx_word' id='word_1_56' title='bbox 432 1563 629 1628; x_wconf 88' lang='lat' dir='ltr'>nostrum,</span> <span class='ocrx_word' id='word_1_57' title='bbox 659 1561 695 1618; x_wconf 87' lang='lat' dir='ltr'>et</span> <span class='ocrx_word' id='word_1_58' title='bbox 718 1544 845 1618; x_wconf 86' lang='lat' dir='ltr'>dictae</span> <span class='ocrx_word' id='word_1_59' title='bbox 865 1543 1011 1618; x_wconf 88' lang='lat' dir='ltr'>Sororis</span> <span class='ocrx_word' id='word_1_60' title='bbox 1037 1559 1208 1616; x_wconf 88' lang='lat' dir='ltr'>nostrae</span> 
     </span>
     <span class='ocr_line' id='line_1_11' title="bbox 134 1664 1210 1772; baseline -0.004 -26"><span class='ocrx_word' id='word_1_61' title='bbox 134 1671 361 1758; x_wconf 69' lang='lat' dir='ltr'>damnumr</span> <span class='ocrx_word' id='word_1_62' title='bbox 388 1667 679 1772; x_wconf 58' lang='lat' dir='ltr'>providendum»</span> <span class='ocrx_word' id='word_1_63' title='bbox 694 1664 850 1766; x_wconf 89' lang='lat' dir='ltr'>quidem</span> <span class='ocrx_word' id='word_1_64' title='bbox 874 1683 953 1758; x_wconf 81' lang='lat' dir='ltr'>est,</span> <span class='ocrx_word' id='word_1_65' title='bbox 988 1683 1028 1741; x_wconf 89' lang='lat' dir='ltr'>et</span> <span class='ocrx_word' id='word_1_66' title='bbox 1060 1668 1210 1743; x_wconf 90' lang='lat' dir='ltr'>obser·</span> 
     </span>
     <span class='ocr_line' id='line_1_12' title="bbox 154 1787 1209 1891; baseline 0.002 -24"><span class='ocrx_word' id='word_1_67' title='bbox 154 1791 328 1868; x_wconf 89' lang='lat' dir='ltr'>vandum</span> <span class='ocrx_word' id='word_1_68' title='bbox 353 1797 390 1866; x_wconf 91' lang='lat' dir='ltr'>in</span> <span class='ocrx_word' id='word_1_69' title='bbox 414 1791 509 1866; x_wconf 89' lang='lat' dir='ltr'>locis</span> <span class='ocrx_word' id='word_1_70' title='bbox 533 1787 583 1865; x_wconf 89' lang='lat' dir='ltr'>ad</span> <span class='ocrx_word' id='word_1_71' title='bbox 614 1787 653 1862; x_wconf 92' lang='lat' dir='ltr'>id</span> <span class='ocrx_word' id='word_1_72' title='bbox 675 1795 987 1879; x_wconf 55' lang='lat' dir='ltr'>necessariisser</span> <span class='ocrx_word' id='word_1_73' title='bbox 1007 1797 1111 1891; x_wconf 86' lang='lat' dir='ltr'>aptis</span> <span class='ocrx_word' id='word_1_74' title='bbox 1155 1821 1209 1869; x_wconf 85' lang='lat' dir='ltr'>ne</span> 
     </span>
     <span class='ocr_line' id='line_1_13' title="bbox 153 1906 1205 2016; baseline 0.002 -26"><span class='ocrx_word' id='word_1_75' title='bbox 153 1933 355 2016; x_wconf 85' lang='lat' dir='ltr'>argentum</span> <span class='ocrx_word' id='word_1_76' title='bbox 394 1907 607 2000; x_wconf 68' lang='lat' dir='ltr'>educatur,</span> <span class='ocrx_word' id='word_1_77' title='bbox 640 1906 677 1986; x_wconf 72' lang='lat' dir='ltr'>e&#39;t</span> <span class='ocrx_word' id='word_1_78' title='bbox 705 1918 736 1986; x_wconf 91' lang='lat' dir='ltr'>si</span> <span class='ocrx_word' id='word_1_79' title='bbox 774 1919 857 2010; x_wconf 92' lang='lat' dir='ltr'>quis</span> <span class='ocrx_word' id='word_1_80' title='bbox 898 1917 936 1988; x_wconf 93' lang='lat' dir='ltr'>in</span> <span class='ocrx_word' id='word_1_81' title='bbox 974 1918 1058 2014; x_wconf 87' lang='lat' dir='ltr'>ipso</span> <span class='ocrx_word' id='word_1_82' title='bbox 1092 1913 1205 1992; x_wconf 88' lang='lat' dir='ltr'>facto</span> 
     </span>
     <span class='ocr_line' id='line_1_14' title="bbox 91 2033 1209 2143; baseline 0.005 -33"><span class='ocrx_word' id='word_1_83' title='bbox 91 2087 95 2110; x_wconf 77' lang='grc'><em>.</em></span> <span class='ocrx_word' id='word_1_84' title='bbox 154 2061 249 2112; x_wconf 85' lang='lat' dir='ltr'>cum.</span> <span class='ocrx_word' id='word_1_85' title='bbox 272 2053 427 2138; x_wconf 82' lang='lat' dir='ltr'>argento</span> <span class='ocrx_word' id='word_1_86' title='bbox 466 2062 543 2110; x_wconf 91' lang='lat' dir='ltr'>non</span> <span class='ocrx_word' id='word_1_87' title='bbox 590 2061 681 2143; x_wconf 87' lang='lat' dir='ltr'>cuso</span> <span class='ocrx_word' id='word_1_88' title='bbox 716 2033 1044 2138; x_wconf 75' lang='lat' dir='ltr'>deprehenditur,</span> <span class='ocrx_word' id='word_1_89' title='bbox 1088 2047 1209 2116; x_wconf 85' lang='lat' dir='ltr'>casti·</span> 
     </span>
     <span class='ocr_line' id='line_1_15' title="bbox 110 2139 1207 2276; baseline 0.003 -44"><span class='ocrx_word' id='word_1_90' title='bbox 110 2141 124 2276; x_wconf 14' lang='lat' dir='ltr'>A&#39;</span> <span class='ocrx_word' id='word_1_91' title='bbox 150 2156 301 2262; x_wconf 83' lang='lat' dir='ltr'>gandus</span> <span class='ocrx_word' id='word_1_92' title='bbox 328 2162 442 2232; x_wconf 89' lang='lat' dir='ltr'>etiam</span> <span class='ocrx_word' id='word_1_93' title='bbox 473 2176 528 2232; x_wconf 86' lang='lat' dir='ltr'>est</span> <span class='ocrx_word' id='word_1_94' title='bbox 547 2162 650 2256; x_wconf 83' lang='lat' dir='ltr'>juxta</span> <span class='ocrx_word' id='word_1_95' title='bbox 674 2139 905 2248; x_wconf 82' lang='lat' dir='ltr'>Decretum,</span> <span class='ocrx_word' id='word_1_96' title='bbox 931 2157 1003 2246; x_wconf 69' lang='lat' dir='ltr'>sed</span> <span class='ocrx_word' id='word_1_97' title='bbox 1021 2183 1103 2233; x_wconf 93' lang='lat' dir='ltr'>non</span> <span class='ocrx_word' id='word_1_98' title='bbox 1128 2189 1207 2263; x_wconf 89' lang='lat' dir='ltr'>per</span> 
     </span>
     <span class='ocr_line' id='line_1_16' title="bbox 151 2280 1210 2384; baseline 0.001 -27"><span class='ocrx_word' id='word_1_99' title='bbox 151 2307 264 2358; x_wconf 85' lang='lat' dir='ltr'>neces</span> <span class='ocrx_word' id='word_1_100' title='bbox 291 2297 405 2378; x_wconf 88' lang='lat' dir='ltr'>atque</span> <span class='ocrx_word' id='word_1_101' title='bbox 425 2280 713 2354; x_wconf 82' lang='lat' dir='ltr'>trucidationes.</span> <span class='ocrx_word' id='word_1_102' title='bbox 767 2283 1016 2384; x_wconf 85' lang='lat' dir='ltr'>Quapropter</span> <span class='ocrx_word' id='word_1_103' title='bbox 1042 2281 1114 2355; x_wconf 93' lang='lat' dir='ltr'>tibi</span> <span class='ocrx_word' id='word_1_104' title='bbox 1141 2287 1210 2358; x_wconf 84' lang='lat' dir='ltr'>fir-</span> 
     </span>
    </p>

    <p class='ocr_par' dir='ltr' id='par_1_6' title="bbox 94 2399 1205 2504">
     <span class='ocr_line' id='line_1_17' title="bbox 94 2399 1205 2504; baseline 0.007 -27"><span class='ocrx_word' id='word_1_105' title='bbox 94 2444 99 2457; x_wconf 43' lang='lat' dir='ltr'>x</span> <span class='ocrx_word' id='word_1_106' title='bbox 151 2411 263 2486; x_wconf 87' lang='lat' dir='ltr'>miter</span> <span class='ocrx_word' id='word_1_107' title='bbox 297 2407 591 2493; x_wconf 84' lang='lat' dir='ltr'>committimus,</span> <span class='ocrx_word' id='word_1_108' title='bbox 628 2419 664 2476; x_wconf 88' lang='lat' dir='ltr'>et</span> <span class='ocrx_word' id='word_1_109' title='bbox 697 2399 958 2490; x_wconf 80' lang='lat' dir='ltr'>mandamus,</span> <span class='ocrx_word' id='word_1_110' title='bbox 1004 2424 1205 2504; x_wconf 79' lang='lat' dir='ltr'>quatenus</span> 
     </span>
    </p>

    <p class='ocr_par' dir='ltr' id='par_1_7' title="bbox 35 2516 1207 3854">
     <span class='ocr_line' id='line_1_18' title="bbox 61 2516 1207 2628; baseline 0.007 -32"><span class='ocrx_word' id='word_1_111' title='bbox 61 2591 64 2596; x_wconf 90' lang='lat'>.</span> <span class='ocrx_word' id='word_1_112' title='bbox 154 2525 437 2628; x_wconf 45' lang='lat' dir='ltr'>captivossillos</span> <span class='ocrx_word' id='word_1_113' title='bbox 464 2521 637 2598; x_wconf 89' lang='lat' dir='ltr'>subditos</span> <span class='ocrx_word' id='word_1_114' title='bbox 658 2541 810 2616; x_wconf 81' lang='lat' dir='ltr'>nostros</span> <span class='ocrx_word' id='word_1_115' title='bbox 850 2516 976 2602; x_wconf 86' lang='lat' dir='ltr'>statim</span> <span class='ocrx_word' id='word_1_116' title='bbox 1021 2534 1207 2628; x_wconf 84' lang='lat' dir='ltr'>acceptis</span> 
     </span>
     <span class='ocr_line' id='line_1_19' title="bbox 35 2633 1207 2754; baseline 0.005 -35"><span class='ocrx_word' id='word_1_117' title='bbox 35 2721 39 2728; x_wconf 80' lang='grc'>,</span> <span class='ocrx_word' id='word_1_118' title='bbox 75 2743 77 2748; x_wconf 23' lang='grc' dir='ltr'>Ι</span> <span class='ocrx_word' id='word_1_119' title='bbox 152 2647 444 2754; x_wconf 87' lang='lat' dir='ltr'>praesentibus,</span> <span class='ocrx_word' id='word_1_120' title='bbox 473 2651 653 2719; x_wconf 86' lang='lat' dir='ltr'>restitutis</span> <span class='ocrx_word' id='word_1_121' title='bbox 676 2649 728 2722; x_wconf 87' lang='lat' dir='ltr'>eis</span> <span class='ocrx_word' id='word_1_122' title='bbox 753 2653 900 2749; x_wconf 82' lang='lat' dir='ltr'>integre</span> <span class='ocrx_word' id='word_1_123' title='bbox 921 2633 1096 2751; x_wconf 80' lang='lat' dir='ltr'>pecuniis</span> <span class='ocrx_word' id='word_1_124' title='bbox 1136 2677 1207 2725; x_wconf 90' lang='lat' dir='ltr'>eo·</span> 
     </span>
     <span class='ocr_line' id='line_1_20' title="bbox 151 2769 1203 2872; baseline 0.003 -26"><span class='ocrx_word' id='word_1_125' title='bbox 151 2798 261 2860; x_wconf 83' lang='lat' dir='ltr'>rum,</span> <span class='ocrx_word' id='word_1_126' title='bbox 290 2785 325 2842; x_wconf 86' lang='lat' dir='ltr'>et</span> <span class='ocrx_word' id='word_1_127' title='bbox 351 2769 465 2872; x_wconf 72' lang='lat' dir='ltr'>rebus</span> <span class='ocrx_word' id='word_1_128' title='bbox 489 2772 624 2866; x_wconf 88' lang='lat' dir='ltr'>quibus</span> <span class='ocrx_word' id='word_1_129' title='bbox 655 2774 795 2870; x_wconf 88' lang='lat' dir='ltr'>privati</span> <span class='ocrx_word' id='word_1_130' title='bbox 816 2787 914 2866; x_wconf 87' lang='lat' dir='ltr'>sunt,</span> <span class='ocrx_word' id='word_1_131' title='bbox 934 2769 982 2848; x_wconf 88' lang='lat' dir='ltr'>ad</span> <span class='ocrx_word' id='word_1_132' title='bbox 1015 2769 1203 2870; x_wconf 88' lang='lat' dir='ltr'>fidejus·</span> 
     </span>
     <span class='ocr_line' id='line_1_21' title="bbox 137 2881 1202 2997; baseline 0.004 -27"><span class='ocrx_word' id='word_1_133' title='bbox 137 2881 291 2970; x_wconf 42' lang='lat' dir='ltr'>&#39;soriam</span> <span class='ocrx_word' id='word_1_134' title='bbox 321 2896 561 2978; x_wconf 81' lang='lat' dir='ltr'>cautionem,</span> <span class='ocrx_word' id='word_1_135' title='bbox 597 2881 700 2988; x_wconf 87' lang='lat' dir='ltr'>quod</span> <span class='ocrx_word' id='word_1_136' title='bbox 731 2921 770 2966; x_wconf 86' lang='lat' dir='ltr'>se</span> <span class='ocrx_word' id='word_1_137' title='bbox 802 2901 1016 2997; x_wconf 88' lang='lat' dir='ltr'>suspicione</span> <span class='ocrx_word' id='word_1_138' title='bbox 1054 2916 1202 2974; x_wconf 90' lang='lat' dir='ltr'>contra</span> 
     </span>
     <span class='ocr_line' id='line_1_22' title="bbox 143 3003 1203 3120; baseline 0.006 -28"><span class='ocrx_word' id='word_1_139' title='bbox 143 3043 218 3091; x_wconf 88' lang='lat' dir='ltr'>eos</span> <span class='ocrx_word' id='word_1_140' title='bbox 248 3030 434 3113; x_wconf 87' lang='lat' dir='ltr'>concepta</span> <span class='ocrx_word' id='word_1_141' title='bbox 456 3003 520 3086; x_wconf 91' lang='lat' dir='ltr'>ubi</span> <span class='ocrx_word' id='word_1_142' title='bbox 544 3039 641 3114; x_wconf 92' lang='lat' dir='ltr'>opus</span> <span class='ocrx_word' id='word_1_143' title='bbox 662 3011 801 3106; x_wconf 80' lang='lat' dir='ltr'>fuerit,</span> <span class='ocrx_word' id='word_1_144' title='bbox 830 3018 1140 3120; x_wconf 81' lang='lat' dir='ltr'>expurgubunt,</span> <span class='ocrx_word' id='word_1_145' title='bbox 1158 3023 1203 3098; x_wconf 92' lang='lat' dir='ltr'>li·</span> 
     </span>
     <span class='ocr_line' id='line_1_23' title="bbox 151 3131 1203 3244; baseline 0.008 -30"><span class='ocrx_word' id='word_1_146' title='bbox 151 3133 266 3215; x_wconf 81' lang='lat' dir='ltr'>bero&#39;s</span> <span class='ocrx_word' id='word_1_147' title='bbox 299 3135 490 3209; x_wconf 86' lang='lat' dir='ltr'>dimittere</span> <span class='ocrx_word' id='word_1_148' title='bbox 513 3131 655 3244; x_wconf 83' lang='lat' dir='ltr'>debeas</span> <span class='ocrx_word' id='word_1_149' title='bbox 681 3155 717 3234; x_wconf 80' lang='lat' dir='ltr'>et</span> <span class='ocrx_word' id='word_1_150' title='bbox 734 3145 910 3237; x_wconf 86' lang='lat' dir='ltr'>tenearis,</span> <span class='ocrx_word' id='word_1_151' title='bbox 931 3165 975 3216; x_wconf 88' lang='lat' dir='ltr'>ac</span> <span class='ocrx_word' id='word_1_152' title='bbox 998 3139 1046 3214; x_wconf 89' lang='lat' dir='ltr'>de</span> <span class='ocrx_word' id='word_1_153' title='bbox 1062 3161 1203 3222; x_wconf 86' lang='lat' dir='ltr'>cetero</span> 
     </span>
     <span class='ocr_line' id='line_1_24' title="bbox 152 3253 1201 3360; baseline 0.007 -25"><span class='ocrx_word' id='word_1_154' title='bbox 152 3259 270 3360; x_wconf 79' lang='lat' dir='ltr'>ipsos·</span> <span class='ocrx_word' id='word_1_155' title='bbox 283 3253 457 3340; x_wconf 85' lang='lat' dir='ltr'>subditos</span> <span class='ocrx_word' id='word_1_156' title='bbox 480 3274 629 3334; x_wconf 86' lang='lat' dir='ltr'>nostros</span> <span class='ocrx_word' id='word_1_157' title='bbox 644 3315 665 3360; x_wconf 24' lang='grc' dir='ltr'>,Ι</span> <span class='ocrx_word' id='word_1_158' title='bbox 683 3283 728 3334; x_wconf 91' lang='lat' dir='ltr'>ao</span> <span class='ocrx_word' id='word_1_159' title='bbox 749 3261 1021 3336; x_wconf 70' lang='lat' dir='ltr'>serenissimae</span> <span class='ocrx_word' id='word_1_160' title='bbox 1042 3262 1201 3342; x_wconf 87' lang='lat' dir='ltr'>Sororis</span> 
     </span>
     <span class='ocr_line' id='line_1_25' title="bbox 152 3375 1204 3467; baseline 0.01 -12"><span class='ocrx_word' id='word_1_161' title='bbox 152 3375 414 3461; x_wconf 83' lang='lat' dir='ltr'>nostraehis,</span> <span class='ocrx_word' id='word_1_162' title='bbox 464 3396 500 3454; x_wconf 91' lang='lat' dir='ltr'>et</span> <span class='ocrx_word' id='word_1_163' title='bbox 540 3381 725 3454; x_wconf 89' lang='lat' dir='ltr'>similibus</span> <span class='ocrx_word' id='word_1_164' title='bbox 773 3385 1051 3460; x_wconf 86' lang='lat' dir='ltr'>calamitatibus</span> <span class='ocrx_word' id='word_1_165' title='bbox 1083 3392 1204 3467; x_wconf 85' lang='lat' dir='ltr'>nullo</span> 
     </span>
     <span class='ocr_line' id='line_1_26' title="bbox 52 3499 1206 3609; baseline 0.016 -39"><span class='ocrx_word' id='word_1_166' title='bbox 52 3563 53 3570; x_wconf 74' lang='grc'>,</span> <span class='ocrx_word' id='word_1_167' title='bbox 150 3500 274 3578; x_wconf 90' lang='lat' dir='ltr'>modo</span> <span class='ocrx_word' id='word_1_168' title='bbox 291 3499 460 3588; x_wconf 75' lang='lat' dir='ltr'>afficias,</span> <span class='ocrx_word' id='word_1_169' title='bbox 489 3499 720 3604; x_wconf 83' lang='lat' dir='ltr'>afficereque</span> <span class='ocrx_word' id='word_1_170' title='bbox 749 3513 969 3609; x_wconf 86' lang='lat' dir='ltr'>permittas·</span> <span class='ocrx_word' id='word_1_171' title='bbox 997 3533 1091 3584; x_wconf 89' lang='lat' dir='ltr'>nam</span> <span class='ocrx_word' id='word_1_172' title='bbox 1116 3537 1206 3588; x_wconf 85' lang='lat' dir='ltr'>cer·</span> 
     </span>
     <span class='ocr_line' id='line_1_27' title="bbox 38 3622 1211 3751; baseline 0.005 -49"><span class='ocrx_word' id='word_1_173' title='bbox 38 3627 45 3640; x_wconf 93' lang='lat'>&#39;</span> <span class='ocrx_word' id='word_1_174' title='bbox 151 3644 213 3702; x_wconf 85' lang='lat' dir='ltr'>tus</span> <span class='ocrx_word' id='word_1_175' title='bbox 239 3631 314 3722; x_wconf 91' lang='lat' dir='ltr'>sis,</span> <span class='ocrx_word' id='word_1_176' title='bbox 343 3622 449 3722; x_wconf 91' lang='lat' dir='ltr'>quod</span> <span class='ocrx_word' id='word_1_177' title='bbox 465 3623 504 3698; x_wconf 84' lang='lat' dir='ltr'>rd</span> <span class='ocrx_word' id='word_1_178' title='bbox 528 3645 732 3714; x_wconf 88' lang='lat' dir='ltr'>necate</span> <span class='ocrx_word' id='word_1_179' title='bbox 761 3653 831 3702; x_wconf 89' lang='lat' dir='ltr'>nec</span> <span class='ocrx_word' id='word_1_180' title='bbox 855 3629 903 3703; x_wconf 90' lang='lat' dir='ltr'>ab</span> <span class='ocrx_word' id='word_1_181' title='bbox 919 3630 1002 3704; x_wconf 90' lang='lat' dir='ltr'>alns</span> <span class='ocrx_word' id='word_1_182' title='bbox 1025 3631 1112 3708; x_wconf 78' lang='lat' dir='ltr'>fieri</span> <span class='ocrx_word' id='word_1_183' title='bbox 1124 3661 1211 3751; x_wconf 87' lang='lat' dir='ltr'>pa</span> 
     </span>
     <span class='ocr_line' id='line_1_28' title="bbox 151 3725 1206 3854; baseline 0.003 -30"><span class='ocrx_word' id='word_1_184' title='bbox 151 3755 304 3825; x_wconf 85' lang='lat' dir='ltr'>tiemur.</span> <span class='ocrx_word' id='word_1_185' title='bbox 359 3747 478 3822; x_wconf 85' lang='lat' dir='ltr'>Aliud</span> <span class='ocrx_word' id='word_1_186' title='bbox 525 3753 640 3842; x_wconf 72' lang='lat' dir='ltr'>igitur</span> <span class='ocrx_word' id='word_1_187' title='bbox 675 3725 802 3824; x_wconf 82' lang='lat' dir='ltr'>facere</span> <span class='ocrx_word' id='word_1_188' title='bbox 844 3777 921 3826; x_wconf 92' lang='lat' dir='ltr'>non</span> <span class='ocrx_word' id='word_1_189' title='bbox 954 3777 1206 3854; x_wconf 82' lang='lat' dir='ltr'>praesumas</span> 
     </span>
    </p>
   </div>
   <div class='ocr_carea' id='block_1_6' title="bbox 35 3871 1210 3972">
    <p class='ocr_par' dir='ltr' id='par_1_8' title="bbox 35 3871 1210 3972">
     <span class='ocr_line' id='line_1_29' title="bbox 35 3871 1210 3972; baseline 0.013 -27"><span class='ocrx_word' id='word_1_190' title='bbox 35 3938 43 3948; x_wconf 86' lang='lat'><em>.</em></span> <span class='ocrx_word' id='word_1_191' title='bbox 152 3871 419 3950; x_wconf 86' lang='lat' dir='ltr'>Praesentibus</span> <span class='ocrx_word' id='word_1_192' title='bbox 438 3871 619 3972; x_wconf 87' lang='lat' dir='ltr'>perlectis</span> <span class='ocrx_word' id='word_1_193' title='bbox 641 3872 834 3965; x_wconf 68' lang='lat' dir='ltr'>exhibenti</span> <span class='ocrx_word' id='word_1_194' title='bbox 845 3878 1037 3952; x_wconf 80' lang='lat' dir='ltr'>restitutis</span> <span class='ocrx_word' id='word_1_195' title='bbox 1048 3876 1210 3964; x_wconf 86' lang='lat' dir='ltr'>Datum</span> 
     </span>
    </p>
   </div>
   <div class='ocr_carea' id='block_1_7' title="bbox 70 3989 955 4118">
    <p class='ocr_par' dir='ltr' id='par_1_9' title="bbox 70 3989 955 4118">
     <span class='ocr_line' id='line_1_30' title="bbox 70 3989 955 4118; baseline 0.029 -62"><span class='ocrx_word' id='word_1_196' title='bbox 70 4045 80 4056; x_wconf 89' lang='lat'><strong>.</strong></span> <span class='ocrx_word' id='word_1_197' title='bbox 154 3995 300 4118; x_wconf 73' lang='lat' dir='ltr'>pragae</span> <span class='ocrx_word' id='word_1_198' title='bbox 325 4006 383 4076; x_wconf 71' lang='grc' dir='ltr'>ιε.</span> <span class='ocrx_word' id='word_1_199' title='bbox 401 3989 490 4066; x_wconf 86' lang='lat' dir='ltr'>Julii</span> <span class='ocrx_word' id='word_1_200' title='bbox 514 4015 614 4068; x_wconf 87' lang='lat' dir='ltr'>anno</span> <span class='ocrx_word' id='word_1_201' title='bbox 639 3995 797 4076; x_wconf 86' lang='lat' dir='ltr'>Domini</span> <span class='ocrx_word' id='word_1_202' title='bbox 824 4015 955 4094; x_wconf 57' lang='grc' dir='ltr'>1544.Υ</span> 
     </span>
    </p>
   </div>
   <div class='ocr_carea' id='block_1_8' title="bbox 0 0 1272 4390">
    <p class='ocr_par' dir='ltr' id='par_1_10' title="bbox 0 0 1272 4390">
     <span class='ocr_line' id='line_1_31' title="bbox 0 0 1272 4390; baseline 0 0"><span class='ocrx_word' id='word_1_203' title='bbox 0 0 1272 4390; x_wconf 95' lang='lat' dir='ltr'> </span> 
     </span>
    </p>
   </div>
  </div>
 </body>
</html>
