2536 4390
518 212 803 326 W
887 235 913 298 Ἀ
1008 279 1011 286 ·
1098 257 1169 334 ιιι

56 467 71 515 Ι.
116 425 289 511 gerens,
314 352 514 494 ennshjs
557 404 705 502 literis,
746 400 920 476 seuerus
956 391 1184 503 nadrsnsvs·
1250 461 1252 468 .

38 537 52 577 ἰ
118 556 231 630 nux,
260 535 308 610 in
325 509 628 617 circumferentia
647 515 844 646 scuiptis,
876 523 1101 601 habebitur.
1130 527 1178 600 ιιι

48 695 53 702 ·
116 654 202 729 alia
233 678 326 729 vero
360 666 469 753 parte
506 674 569 724 seu
570 650 743 751 pentur
758 671 864 728 arma
899 647 1022 747 Regni
1051 653 1170 725 nostri

116 777 350 876 Hungariae
372 770 585 877 praedicti,
615 795 706 846 crux
739 771 922 854 videlicet
946 765 1171 874 duplicata,
1224 843 1229 857 ,

129 885 292 993 ‘e'tdune
317 884 452 970 literae
479 893 590 984 hinc,
619 911 656 968 et
674 893 787 992 hinc,
815 917 974 993 quarum
999 879 1169 996 print'aa
1211 984 1214 990 ,

128 1017 271 1095 dextra
291 1035 403 1120 parte
427 1021 588 1090 civitatis
611 1015 905 1096 Cremniciensis
925 1015 1170 1119 praedictae,

124 1145 251 1218 altera
278 1165 371 1216 vero
395 1164 417 1216 a
446 1142 728 1242 sinistraparte
761 1145 882 1218 erucis
905 1138 1065 1236 Comitis
1099 1138 1169 1216 Ca·
1228 1203 1234 1211 .

104 1285 261 1351 ,merae
277 1267 441 1338 nominis
462 1264 588 1363 prima·
608 1261 720 1341 litera
739 1277 820 1352 est,
847 1265 884 1336 in
907 1266 1081 1362 margine
1103 1287 1168 1340 ve·
1223 1346 1226 1356 ,
1260 1343 1264 1349 ,

99 1385 103 1392 ’
124 1411 170 1462 ιο
199 1385 591 1483 circumferentialiter
622 1351 844 1486 sculpentur
865 1382 1083 1462 dictiones
1072 1401 1168 1462 retae

53 1531 68 1553 ⁰
109 1509 205 1594 &e
227 1510 416 1587 videlicet
443 1507 561 1609 Regis
584 1503 803 1608 Hungariae
828 1505 921 1583 nc..
958 1507 1010 1582 Ut
1038 1525 1166 1588 autem

91 1620 94 1628 ’
123 1638 211 1738 ipsa
226 1651 383 1709 moneta
406 1648 534 1721 nostra
563 1647 740 1731 argentea
763 1629 835 1704 sub
856 1627 993 1704 debitis
1029 1626 1187 1731 lignee

125 1781 286 1862 numero
310 1752 499 1834 cuda-tur,
528 1757 814 1844 commisimus,
841 1746 879 1825 et
904 1750 1166 1853 praesentibus

24 1894 33 1899 ’
125 1855 398 1976 committimus
422 1899 573 1948 summo
603 1873 801 1948 Probatori
833 1893 991 1986 nostro,
1017 1891 1059 1948 ut
1081 1880 1195 1976 ipse-

115 2025 195 2103 per
216 2025 282 2080 se,
309 1999 374 2072 vel
387 2015 461 2100 per
484 1984 640 2072 fidelem
662 1998 905 2074 substitutum
927 2022 1063 2096 suum,
1088 2023 1162 2074 una

116 2143 210 2192 eum
237 2117 392 2214 homine
412 2115 749 2221 Arcbiepiseopaii
773 2112 929 2218 singulis
945 2114 1162 2222 fusionibus

123 2263 187 2313 seu
222 2238 554 2312 commixtionibus
586 2243 781 2340 argenti,
787 2255 827 2312 et
858 2229 966 2362 cupri
987 2242 1159 2328 intersit,

123 2379 160 2438 et
181 2366 218 2436 in
241 2359 408 2460 qualibet
428 2361 576 2436 fusione
592 2357 639 2433 de
658 2329 813 2460 virgulis
829 2375 955 2442 sumat
950 2347 1045 2437 duo
1066 2385 1160 2478 pon·

122 2481 239 2574 dora,
279 2506 344 2556 seu
384 2487 533 2584 pisata,
569 2478 733 2580 quorum
767 2505 905 2556 unum
932 2467 1155 2558 immediate

88 2681 90 2686 ,
122 2607 321 2709 probabit,
357 2605 519 2678 alterum
558 2629 651 2702 vero
689 2627 766 2680 non
802 2587 1008 2705 probat'um
1044 2603 1158 2681 simul
1218 2602 1221 2605 ’
1259 2615 1261 2620 ’

70 2824 72 2829 ,
125 2745 208 2801 cum
231 2741 385 2825 argento
409 2751 456 2799 ex
482 2721 703 2824 hujusmodi
729 2749 804 2800 uno
825 2717 1004 2828 pondere
1018 2717 1156 2830 proba·

121 2827 159 2926 to
177 2849 384 2927 resultante
405 2871 477 2948 pro
499 2863 627 2920 nostra
644 2848 848 2944 Majestate
871 2849 1062 2948 pervehit,
1082 2856 1154 2966 ne'e
1180 2877 1186 2892 ·
1233 2902 1239 2922 ,

37 2972 40 2990 ’
122 2977 221 3086 prius
244 2970 292 3043 de
315 2995 402 3044 aere
432 2969 559 3043 taliter
583 2965 739 3053 confuso
762 2989 933 3046 monetas
959 2969 1046 3048 cudi
1068 2996 1155 3074 per·
1236 3033 1238 3040 ,

33 3111 54 3184 J
121 3099 267 3190 mittet,
298 3091 420 3166 donec
437 3083 639 3167 mixturam
655 3089 872 3220 secundum
884 3089 1152 3192 limitationem

95 3217 352 3342 praedictam
398 3220 476 3290 sine
510 3214 644 3288 fraude
682 3215 823 3318 reperit
861 3242 958 3296 esse
982 3217 1150 3307 factam,

48 3347 51 3354 “
111 3359 269 3452 smoneta
292 3338 384 3416 ¹vero
419 3356 531 3444 cusa,
558 3339 741 3440 probator
761 3341 843 3441 ipse
872 3357 997 3417 sumet
1021 3338 1075 3414 ‘de
1102 3363 1147 3416 ea
1189 3398 1199 3428 ι

67 3479 71 3483 ’
123 3476 486 3540 eertum'numerum
514 3457 783 3560 denariorum,
811 3483 972 3560 quonum
1005 3457 1149 3570 tne'die·

121 3603 231 3685 tatem
255 3581 475 3661 immediate
514 3583 713 3686 probabit,
749 3585 908 3668 alterarii
942 3613 1036 3664 vero
1069 3611 1149 3666 me*

95 3703 295 3781 ‘dietatem
321 3705 433 3779 simul
455 3727 542 3778 eum
558 3719 734 3806 argento
750 3729 804 3782 ex
825 3703 1058 3804 hujusmodi
1066 3731 1148 3792 mo·
1191 3781 1195 3796 ,

121 3846 198 3903 neta
217 3832 431 3901 examinata
462 3826 689 3926 resultante,
713 3825 908 3945 similiter
906 3851 986 3928 pro
1014 3845 1144 3904 nostra
1216 3917 1217 3920 ι

99 3927 321 4056 reservabit
340 3949 565 4048 Majestato·
590 3975 666 4035 nee
686 3937 791 4053 prius
804 3967 999 4028 monetam
1020 3953 1185 4054 ipsam
1252 3997 1254 4002 ·

52 4149 56 4158 ,
120 4067 240 4176 egredi
262 4075 480 4180 permittat
460 4069 532 4160 de
556 4067 739 4172 Camere,
768 4067 925 4148 donee
915 4095 956 4146 ιι
982 4095 1142 4151 numero
